2182 3339
144 369 253 411 1563

149 517 239 552 1563

151 631 240 666 1563

150 745 239 780 1563

149 912 238 947 1563

141 1106 251 1147 1563

138 1383 250 1424 1563

138 1723 249 1764 1563
302 1736 304 1760 3

138 1932 250 1973 1563

145 2209 233 2244 1563

142 2317 233 2351 1563

142 2377 232 2412 1563

134 2517 245 2558 1563

133 2724 244 2766 1563

132 2933 243 2974 1563

627 107 718 142 1563
746 107 853 141 Mart.
880 107 936 142 25.
966 127 1005 130 -r-

320 365 434 408 inter
468 366 536 408 24.
568 364 675 419 Apr.

371 435 416 474 et
450 433 488 474 7.
522 430 626 473 Maii
695 438 697 470 1

413 514 499 559 Apr.
527 513 583 547 27.

370 628 454 673 Apr.
481 630 638 662 exeunte

412 742 500 787 Apr.
527 741 582 776 30.

343 908 410 943 sub
436 920 483 943 m.
510 908 647 942 Maium

409 1100 513 1143 Maii
550 1102 586 1145 1.

352 1377 432 1419 sub
466 1378 505 1420 6.
540 1376 645 1419 Maii

406 1718 511 1760 Maii
546 1719 584 1763 7.

406 1926 511 1969 Maii
545 1928 584 1971 8.

411 2207 498 2242 Maii
528 2207 581 2242 10.

358 2315 426 2350 sub
455 2315 509 2350 12.
537 2315 624 2349 Maii

408 2375 496 2409 Maii
526 2375 580 2409 12.

383 2513 490 2556 Maii
526 2516 593 2557 13.

326 2723 406 2765 sub
443 2725 509 2766 14.
544 2724 650 2767 Maii

384 2931 488 2975 Maii
524 2934 591 2976 17.

1040 108 1130 142 1563
1158 108 1243 142 Maii
1273 108 1326 143 17.
1782 125 1874 153 XLV

774 225 922 259 dentum
949 225 993 259 ad
1022 225 1186 260 Lainium
1215 238 1380 272 praepos.
1408 226 1616 271 generalem
1636 226 1670 261 S.
1691 227 1724 262 J.
1749 227 1873 269 mittity

777 281 813 313 ut
841 279 871 313 is
897 281 1117 315 senteutiam
1145 281 1188 315 de
1215 281 1342 315 iisdem
1370 281 1468 315 dicat
1496 280 1613 325 (163).

715 364 779 406 De
798 364 990 406 caesaris
1013 365 1260 416 „articulis“
1289 380 1422 420 saepe
1446 380 1543 409 cum
1567 365 1748 420 collegis
1772 380 1874 408 con·

774 430 872 472 silia
906 430 1077 473 confert
1111 434 1154 473 et
1189 431 1385 486 disputat
1418 432 1523 486 (160
1561 433 1679 486 174).

715 511 927 546 Tridentum
967 513 1012 546 ad
1053 512 1217 547 Lainium
1258 514 1371 548 mittit
1417 514 1632 557 „articulos“
1680 514 1873 549 concilium

775 569 996 611 spectantes,
1023 569 1064 601 ut
1091 567 1135 601 ad
1163 579 1223 601 eos
1250 568 1319 602 sibi
1346 569 1608 614 respondeatur
1636 568 1752 612 (169).

718 626 1021 662 Conmzentarium
1050 639 1072 660 (ι
1094 629 1130 661 Ρ.
1155 628 1296 662 Costero
1322 629 1364 662 de
1382 629 1491 662 calice
1508 629 1684 662 laicorum
1703 630 1875 663 ade-ersus

776 681 1078 715 Hamelmamzum
1104 684 1279 725 scrae'ptmn
1305 684 1523 725 recoqnoscit
1552 682 1667 725 (144).

694 716 696 727 1

694 740 929 775 2T›·identum
966 742 1014 774 ad
1050 742 1225 776 Lat'm'tcm
1263 744 1438 786 quaedam
1475 754 1497 776 a
1533 744 1603 777 I’P.
1634 744 1808 787 Dionysio
1844 747 1874 776 et

778 795 920 828 Costero
946 796 1117 829 adversus
1147 797 1384 830 Cleemnitium
1410 798 1546 840 scripta
1582 799 1709 841 mittit,
1746 801 1785 831 ut
1819 808 1872 830 re-

774 855 1034 892 coytzosccmtur
1062 849 1178 893 (172).

694 933 695 962 ἰ
718 908 863 941 Canis-io
891 919 1034 951 operam
1057 914 1267 953 praestante
1294 911 1465 954 Dilinyae
1491 922 1534 944 αι·
1561 911 1707 953 officina
1730 911 1874 944 Sebaldi

774 964 903 1007 Mayer
930 964 1134 1007 „Hortalus
1159 962 1322 997 animad‘
1348 966 1552 1008 yermam'ce
1579 967 1628 1007 (et
1646 965 1758 998 latine
1770 965 1805 1006 ἓ)
1834 967 1869 998 in

774 1019 883 1051 lucem
905 1019 1032 1061 prodit
1062 1017 1177 1061 (991).

713 1100 873 1143 Canisii
905 1104 1065 1155 rogatu
1097 1102 1275 1144 Lainius
1308 1103 1538 1145 Albertum
1572 1102 1625 1146 V.
1651 1102 1870 1145 Bavariae

775 1167 926 1209 ducem
972 1181 1051 1223 per
1091 1168 1265 1211 litteras
1298 1171 1469 1221 monet,
1514 1183 1568 1211 ne
1600 1168 1644 1210 in
1678 1168 1870 1211 Bavaria

774 1234 1004 1287 theologos
1046 1234 1274 1277 catholicis
1316 1235 1447 1277 rebus
1492 1234 1741 1278 haereticas
1790 1235 1870 1277 mi-

773 1302 948 1343 scentes
982 1300 1137 1342 docere
1170 1300 1368 1355 patiatur
1400 1301 1539 1355 (167).

713 1377 910 1420 Canisius
933 1391 1155 1420 caesarem
1174 1392 1320 1420 coram
1343 1381 1506 1429 monet,
1531 1378 1722 1432 reliquos
1744 1379 1869 1421 theo-

773 1444 897 1498 logos
931 1444 983 1486 de
1015 1444 1146 1486 rebus
1179 1444 1349 1486 concilii
1382 1444 1499 1487 haud
1531 1448 1653 1488 recte
1688 1459 1869 1500 respon-

773 1509 901 1560 disse,
936 1510 1162 1564 eidemque
1196 1510 1390 1565 exponit,
1425 1511 1640 1565 quomodo
1670 1525 1741 1553 res
1765 1523 1869 1553 con-

772 1576 857 1618 cilii
876 1579 920 1619 et
937 1576 1295 1619 reformationem
1315 1577 1528 1619 ecclesiae
1542 1577 1695 1620 iuvare
1710 1577 1869 1620 debeat

712 1720 1032 1774 Theologorum
1076 1734 1333 1774 responsum
1376 1720 1431 1763 ab
1471 1719 1739 1775 imperatore
1771 1735 1868 1764 car—

773 1786 906 1828 dinali
939 1787 1121 1829 Morono
1154 1786 1346 1829 traditur
1379 1786 1508 1829 valde
1541 1790 1787 1830 resecatum
1824 1790 1868 1830 et

772 1852 1022 1906 mitigatum
1057 1853 1194 1907 (182).

711 1929 909 1972 Canisius
951 1930 1172 1984 ceterique
1209 1929 1405 1984 theologi
1438 1930 1491 1972 de
1530 1929 1866 1984 „superioritate

771 1995 938 2038 concilii
972 2010 1105 2050 supra
1139 1997 1325 2051 papam“
1364 2000 1408 2039 et
1442 1996 1495 2038 de
1527 1996 1655 2038 novis
1689 1997 1866 2039 canoni-

769 2063 850 2104 bus
868 2062 921 2104 ad
937 2077 1061 2104 usum
1078 2062 1344 2105 sacramenti
1360 2062 1523 2104 ordinis
1537 2062 1864 2106 reformandum

770 2128 966 2170 Tridenti
1000 2127 1238 2183 propositis
1260 2127 1376 2171 inter
1399 2142 1445 2170 se
1469 2128 1702 2171 conferunt
1725 2128 1863 2184 (183).

709 2209 877 2245 Canisius
904 2222 925 2244 a
945 2210 1078 2252 Laiuio,
1106 2212 1147 2245 ut
1172 2210 1280 2244 animi
1307 2210 1495 2244 recreandi
1515 2210 1634 2255 gratia
1652 2211 1864 2246 Tridentum

768 2264 901 2305 veniat,
928 2264 1107 2299 invitatur
1137 2264 1251 2308 (189).

706 2319 737 2352 A
764 2318 948 2352 cardinale
975 2319 1124 2353 Morono
1154 2318 1221 2353 100
1247 2320 1391 2353 scutata
1417 2318 1553 2364 accipit
1580 2319 1695 2363 (971).

706 2379 859 2412 Librum
877 2379 1133 2422 „Prote-statio.
1152 2405 1158 2412 .
1178 2379 1348 2412 adversus
1362 2383 1566 2412 conventum
1587 2379 1863 2414 Tridentinum“

763 2444 829 2476 per
855 2434 1048 2466 Moronum
1077 2433 1189 2466 Hosio
1214 2434 1322 2465 mittit
1350 2431 1465 2476 (210).

685 2514 866 2579 Ᾰοε1111511
900 2529 1034 2569 opera
1066 2514 1327 2569 interposita
1362 2515 1569 2557 Moronus
1603 2515 1860 2559 Tridentum

766 2580 937 2623 rediens
970 2581 1158 2635 plurima
1191 2580 1369 2623 tandem
1404 2581 1458 2623 ab
1481 2581 1749 2636 imperatore
1781 2582 1861 2624 im-

765 2649 913 2702 petrat
946 2645 1050 2700 (202
1086 2647 1205 2699 975).

705 2723 903 2767 Canisius
937 2724 1159 2778 ceterique
1200 2723 1396 2776 theologi
1429 2738 1484 2766 ex
1517 2724 1653 2766 variis
1685 2724 1861 2779 scriptis

765 2790 972 2843 colligere
1013 2790 1238 2839 iubentur,
1292 2804 1404 2842 quae
1450 2789 1642 2832 caesaris
1687 2790 1860 2833 nomine

765 2856 944 2898 concilio
977 2858 1279 2910 proponantur
1311 2854 1414 2908 (197
1452 2854 1569 2908 200).

703 2933 946 2975 Cardinalis
969 2932 1226 2986 Lotharingi
1253 2932 1612 2975 commentarium
1641 2934 1856 2987 quendam

762 2998 1017 3054 imperatori
1050 2998 1229 3040 missum
1252 2998 1450 3040 Canisius
1482 3013 1508 3040 a
1541 3013 1586 3041 se
1619 2999 1859 3054 transcrip-

762 3067 855 3106 tum
904 3064 1160 3106 Tridentum
1210 3064 1265 3106 ad
1313 3064 1580 3107 cardinalem
1629 3065 1856 3107 Moronum

763 3129 900 3172 mittit
933 3129 1070 3183 (199).
