<?xml version="1.0" encoding="UTF-8"?>
<!DOCTYPE html PUBLIC "-//W3C//DTD XHTML 1.0 Transitional//EN"
    "http://www.w3.org/TR/xhtml1/DTD/xhtml1-transitional.dtd">
<html xmlns="http://www.w3.org/1999/xhtml" xml:lang="en" lang="en">
 <head>
  <title>
</title>
<meta http-equiv="Content-Type" content="text/html;charset=utf-8" />
  <meta name='ocr-system' content='tesseract 3.04.00' />
  <meta name='ocr-capabilities' content='ocr_page ocr_carea ocr_par ocr_line ocrx_word'/>
</head>
<body>
  <div class='ocr_page' id='page_1' title='image "beatipetricanisi04cani_0013.png"; bbox 0 0 2182 3339; ppageno 0'>
   <div class='ocr_carea' id='block_1_1' title="bbox 678 587 1317 663">
    <p class='ocr_par' dir='ltr' id='par_1_1' title="bbox 678 587 1317 663">
     <span class='ocr_line' id='line_1_1' title="bbox 678 587 1317 663; baseline -0.003 0"><span class='ocrx_word' id='word_1_1' title='bbox 678 587 1317 663; x_wconf 81' lang='lat' dir='ltr'><strong>PRAEFATIO.</strong></span> 
     </span>
    </p>
   </div>
   <div class='ocr_carea' id='block_1_2' title="bbox 109 848 1894 2176">
    <p class='ocr_par' dir='ltr' id='par_1_2' title="bbox 109 848 1894 2176">
     <span class='ocr_line' id='line_1_2' title="bbox 228 848 1893 916; baseline -0.002 -12"><span class='ocrx_word' id='word_1_2' title='bbox 228 848 465 916; x_wconf 77' lang='lat' dir='ltr'>Quoniam,</span> <span class='ocrx_word' id='word_1_3' title='bbox 501 875 629 915; x_wconf 87' lang='lat' dir='ltr'>quam</span> <span class='ocrx_word' id='word_1_4' title='bbox 664 861 879 903; x_wconf 88' lang='lat' dir='ltr'>rationem</span> <span class='ocrx_word' id='word_1_5' title='bbox 913 860 955 903; x_wconf 92' lang='lat' dir='ltr'>in</span> <span class='ocrx_word' id='word_1_6' title='bbox 989 860 1056 903; x_wconf 93' lang='lat' dir='ltr'>his</span> <span class='ocrx_word' id='word_1_7' title='bbox 1089 860 1289 916; x_wconf 77' lang='lat' dir='ltr'>epistulis</span> <span class='ocrx_word' id='word_1_8' title='bbox 1312 859 1691 913; x_wconf 76' lang='lat' dir='ltr'>monumentisque</span> <span class='ocrx_word' id='word_1_9' title='bbox 1714 858 1893 901; x_wconf 83' lang='lat' dir='ltr'>edendis</span> 
     </span>
     <span class='ocr_line' id='line_1_3' title="bbox 111 941 1894 999; baseline -0.002 -11"><span class='ocrx_word' id='word_1_10' title='bbox 111 948 287 989; x_wconf 85' lang='lat' dir='ltr'>secutus</span> <span class='ocrx_word' id='word_1_11' title='bbox 320 945 400 987; x_wconf 90' lang='lat' dir='ltr'>sim</span> <span class='ocrx_word' id='word_1_12' title='bbox 435 947 480 988; x_wconf 90' lang='lat' dir='ltr'>et</span> <span class='ocrx_word' id='word_1_13' title='bbox 511 959 624 999; x_wconf 90' lang='lat' dir='ltr'>quae</span> <span class='ocrx_word' id='word_1_14' title='bbox 657 959 807 988; x_wconf 88' lang='lat' dir='ltr'>eorum</span> <span class='ocrx_word' id='word_1_15' title='bbox 830 959 1001 987; x_wconf 88' lang='lat' dir='ltr'>summa</span> <span class='ocrx_word' id='word_1_16' title='bbox 1024 943 1095 995; x_wconf 88' lang='lat' dir='ltr'>sit,</span> <span class='ocrx_word' id='word_1_17' title='bbox 1129 944 1172 986; x_wconf 89' lang='lat' dir='ltr'>in</span> <span class='ocrx_word' id='word_1_18' title='bbox 1202 942 1479 995; x_wconf 89' lang='lat' dir='ltr'>„Prooemio“</span> <span class='ocrx_word' id='word_1_19' title='bbox 1509 942 1637 985; x_wconf 89' lang='lat' dir='ltr'>huius</span> <span class='ocrx_word' id='word_1_20' title='bbox 1661 941 1894 985; x_wconf 83' lang='lat' dir='ltr'>voluminis</span> 
     </span>
     <span class='ocr_line' id='line_1_4' title="bbox 111 1026 1892 1084; baseline -0.001 -13"><span class='ocrx_word' id='word_1_21' title='bbox 111 1029 285 1084; x_wconf 86' lang='lat' dir='ltr'>copiose</span> <span class='ocrx_word' id='word_1_22' title='bbox 319 1043 550 1084; x_wconf 84' lang='lat' dir='ltr'>exponam,</span> <span class='ocrx_word' id='word_1_23' title='bbox 584 1028 704 1079; x_wconf 85' lang='lat' dir='ltr'>nihil,</span> <span class='ocrx_word' id='word_1_24' title='bbox 740 1029 854 1083; x_wconf 90' lang='lat' dir='ltr'>quod</span> <span class='ocrx_word' id='word_1_25' title='bbox 887 1029 968 1071; x_wconf 92' lang='lat' dir='ltr'>hoc</span> <span class='ocrx_word' id='word_1_26' title='bbox 998 1028 1093 1071; x_wconf 90' lang='lat' dir='ltr'>loco</span> <span class='ocrx_word' id='word_1_27' title='bbox 1118 1028 1272 1079; x_wconf 88' lang='lat' dir='ltr'>dicam,</span> <span class='ocrx_word' id='word_1_28' title='bbox 1306 1027 1460 1079; x_wconf 88' lang='lat' dir='ltr'>habeo,</span> <span class='ocrx_word' id='word_1_29' title='bbox 1495 1026 1578 1070; x_wconf 89' lang='lat' dir='ltr'>nisi</span> <span class='ocrx_word' id='word_1_30' title='bbox 1600 1041 1670 1070; x_wconf 91' lang='lat' dir='ltr'>me</span> <span class='ocrx_word' id='word_1_31' title='bbox 1693 1042 1719 1070; x_wconf 93' lang='lat' dir='ltr'>a</span> <span class='ocrx_word' id='word_1_32' title='bbox 1741 1026 1892 1070; x_wconf 91' lang='lat' dir='ltr'>multis</span> 
     </span>
     <span class='ocr_line' id='line_1_5' title="bbox 109 1111 1892 1167; baseline -0.001 -12"><span class='ocrx_word' id='word_1_33' title='bbox 109 1113 420 1156; x_wconf 78' lang='lat' dir='ltr'>humanissime</span> <span class='ocrx_word' id='word_1_34' title='bbox 454 1113 649 1156; x_wconf 88' lang='lat' dir='ltr'>adiutum</span> <span class='ocrx_word' id='word_1_35' title='bbox 684 1127 801 1164; x_wconf 88' lang='lat' dir='ltr'>esse,</span> <span class='ocrx_word' id='word_1_36' title='bbox 845 1112 1086 1163; x_wconf 80' lang='lat' dir='ltr'>codicibus,</span> <span class='ocrx_word' id='word_1_37' title='bbox 1131 1111 1252 1154; x_wconf 89' lang='lat' dir='ltr'>libris</span> <span class='ocrx_word' id='word_1_38' title='bbox 1295 1114 1378 1155; x_wconf 86' lang='lat' dir='ltr'>etc.</span> <span class='ocrx_word' id='word_1_39' title='bbox 1412 1111 1729 1167; x_wconf 84' lang='lat' dir='ltr'>suppeditatis;</span> <span class='ocrx_word' id='word_1_40' title='bbox 1776 1111 1892 1154; x_wconf 90' lang='lat' dir='ltr'>inter</span> 
     </span>
     <span class='ocr_line' id='line_1_6' title="bbox 110 1195 1891 1252; baseline -0.001 -12"><span class='ocrx_word' id='word_1_41' title='bbox 110 1212 218 1251; x_wconf 89' lang='lat' dir='ltr'>quos</span> <span class='ocrx_word' id='word_1_42' title='bbox 263 1197 380 1252; x_wconf 89' lang='lat' dir='ltr'>grati</span> <span class='ocrx_word' id='word_1_43' title='bbox 430 1197 562 1240; x_wconf 89' lang='lat' dir='ltr'>animi</span> <span class='ocrx_word' id='word_1_44' title='bbox 611 1197 885 1251; x_wconf 86' lang='lat' dir='ltr'>significandi</span> <span class='ocrx_word' id='word_1_45' title='bbox 934 1211 1068 1239; x_wconf 89' lang='lat' dir='ltr'>causa</span> <span class='ocrx_word' id='word_1_46' title='bbox 1114 1196 1288 1239; x_wconf 91' lang='lat' dir='ltr'>nomino</span> <span class='ocrx_word' id='word_1_47' title='bbox 1334 1196 1385 1238; x_wconf 61' lang='lat' dir='ltr'>R..</span> <span class='ocrx_word' id='word_1_48' title='bbox 1434 1196 1480 1239; x_wconf 88' lang='lat' dir='ltr'>P.</span> <span class='ocrx_word' id='word_1_49' title='bbox 1527 1195 1891 1238; x_wconf 88' lang='lat' dir='ltr'>Franciscum</span> 
     </span>
     <span class='ocr_line' id='line_1_7' title="bbox 110 1279 1891 1336; baseline -0.001 -12"><span class='ocrx_word' id='word_1_50' title='bbox 110 1283 278 1324; x_wconf 87' lang='lat' dir='ltr'>Ehrle</span> <span class='ocrx_word' id='word_1_51' title='bbox 312 1283 353 1326; x_wconf 83' lang='lat' dir='ltr'>S.</span> <span class='ocrx_word' id='word_1_52' title='bbox 386 1282 451 1334; x_wconf 83' lang='lat' dir='ltr'>J.,</span> <span class='ocrx_word' id='word_1_53' title='bbox 497 1280 769 1336; x_wconf 84' lang='lat' dir='ltr'>praefectum</span> <span class='ocrx_word' id='word_1_54' title='bbox 804 1281 1095 1324; x_wconf 74' lang='lat' dir='ltr'>bibliothecae</span> <span class='ocrx_word' id='word_1_55' title='bbox 1128 1279 1384 1331; x_wconf 83' lang='lat' dir='ltr'>vaticanae,</span> <span class='ocrx_word' id='word_1_56' title='bbox 1429 1279 1532 1322; x_wconf 88' lang='lat' dir='ltr'>clar.</span> <span class='ocrx_word' id='word_1_57' title='bbox 1568 1280 1619 1322; x_wconf 90' lang='lat' dir='ltr'>D.</span> <span class='ocrx_word' id='word_1_58' title='bbox 1655 1280 1891 1323; x_wconf 87' lang='lat' dir='ltr'>Doctorem</span> 
     </span>
     <span class='ocr_line' id='line_1_8' title="bbox 112 1363 1892 1422; baseline -0.001 -13"><span class='ocrx_word' id='word_1_59' title='bbox 112 1366 410 1422; x_wconf 79' lang='lat' dir='ltr'>Georgium</span> <span class='ocrx_word' id='word_1_60' title='bbox 453 1366 514 1409; x_wconf 88' lang='lat' dir='ltr'>de</span> <span class='ocrx_word' id='word_1_61' title='bbox 547 1366 889 1417; x_wconf 88' lang='lat' dir='ltr'>Laubmann,</span> <span class='ocrx_word' id='word_1_62' title='bbox 936 1365 1084 1420; x_wconf 84' lang='lat' dir='ltr'>regiae</span> <span class='ocrx_word' id='word_1_63' title='bbox 1118 1364 1408 1408; x_wconf 83' lang='lat' dir='ltr'>bibliothecae</span> <span class='ocrx_word' id='word_1_64' title='bbox 1440 1363 1717 1406; x_wconf 89' lang='lat' dir='ltr'>monacensis</span> <span class='ocrx_word' id='word_1_65' title='bbox 1751 1363 1892 1407; x_wconf 85' lang='lat' dir='ltr'>direc-</span> 
     </span>
     <span class='ocr_line' id='line_1_9' title="bbox 109 1447 1891 1502; baseline -0.003 -8"><span class='ocrx_word' id='word_1_66' title='bbox 109 1453 272 1502; x_wconf 87' lang='lat' dir='ltr'>torem,</span> <span class='ocrx_word' id='word_1_67' title='bbox 313 1451 417 1494; x_wconf 88' lang='lat' dir='ltr'>clar.</span> <span class='ocrx_word' id='word_1_68' title='bbox 453 1451 504 1493; x_wconf 94' lang='lat' dir='ltr'>D.</span> <span class='ocrx_word' id='word_1_69' title='bbox 540 1451 776 1493; x_wconf 89' lang='lat' dir='ltr'>Doctorem</span> <span class='ocrx_word' id='word_1_70' title='bbox 809 1448 1171 1492; x_wconf 83' lang='lat' dir='ltr'>Franciscum</span> <span class='ocrx_word' id='word_1_71' title='bbox 1211 1447 1552 1490; x_wconf 89' lang='lat' dir='ltr'>Ludovicum</span> <span class='ocrx_word' id='word_1_72' title='bbox 1590 1447 1891 1500; x_wconf 89' lang='lat' dir='ltr'>Baumann,</span> 
     </span>
     <span class='ocr_line' id='line_1_10' title="bbox 111 1531 1893 1589; baseline -0.002 -12"><span class='ocrx_word' id='word_1_73' title='bbox 111 1534 276 1578; x_wconf 86' lang='lat' dir='ltr'>archivi</span> <span class='ocrx_word' id='word_1_74' title='bbox 317 1533 442 1589; x_wconf 89' lang='lat' dir='ltr'>regni</span> <span class='ocrx_word' id='word_1_75' title='bbox 484 1534 703 1578; x_wconf 86' lang='lat' dir='ltr'>Bavariae</span> <span class='ocrx_word' id='word_1_76' title='bbox 746 1533 1020 1577; x_wconf 84' lang='lat' dir='ltr'>directorem.</span> <span class='ocrx_word' id='word_1_77' title='bbox 1093 1532 1281 1575; x_wconf 90' lang='lat' dir='ltr'>Multum</span> <span class='ocrx_word' id='word_1_78' title='bbox 1327 1531 1462 1574; x_wconf 88' lang='lat' dir='ltr'>debeo</span> <span class='ocrx_word' id='word_1_79' title='bbox 1509 1531 1642 1575; x_wconf 85' lang='lat' dir='ltr'>etiam</span> <span class='ocrx_word' id='word_1_80' title='bbox 1685 1545 1893 1574; x_wconf 84' lang='lat' dir='ltr'>reveren-</span> 
     </span>
     <span class='ocr_line' id='line_1_11' title="bbox 112 1615 1892 1668; baseline -0.001 -7"><span class='ocrx_word' id='word_1_81' title='bbox 112 1618 287 1661; x_wconf 90' lang='lat' dir='ltr'>dissimo</span> <span class='ocrx_word' id='word_1_82' title='bbox 321 1619 372 1662; x_wconf 94' lang='lat' dir='ltr'>D.</span> <span class='ocrx_word' id='word_1_83' title='bbox 408 1619 587 1662; x_wconf 91' lang='lat' dir='ltr'>Doctori</span> <span class='ocrx_word' id='word_1_84' title='bbox 632 1618 869 1661; x_wconf 86' lang='lat' dir='ltr'>Nicolao</span> <span class='ocrx_word' id='word_1_85' title='bbox 916 1617 1144 1668; x_wconf 81' lang='lat' dir='ltr'>Paulus,</span> <span class='ocrx_word' id='word_1_86' title='bbox 1191 1618 1236 1659; x_wconf 91' lang='lat' dir='ltr'>et</span> <span class='ocrx_word' id='word_1_87' title='bbox 1276 1616 1517 1658; x_wconf 85' lang='lat' dir='ltr'>reverendo</span> <span class='ocrx_word' id='word_1_88' title='bbox 1562 1615 1609 1658; x_wconf 90' lang='lat' dir='ltr'>P.</span> <span class='ocrx_word' id='word_1_89' title='bbox 1652 1615 1892 1659; x_wconf 89' lang='lat' dir='ltr'>Arsacio</span> 
     </span>
     <span class='ocr_line' id='line_1_12' title="bbox 111 1699 1892 1757; baseline -0.002 -12"><span class='ocrx_word' id='word_1_90' title='bbox 111 1703 417 1757; x_wconf 83' lang='lat' dir='ltr'>Landgraf,</span> <span class='ocrx_word' id='word_1_91' title='bbox 461 1702 624 1745; x_wconf 86' lang='lat' dir='ltr'>ordinis</span> <span class='ocrx_word' id='word_1_92' title='bbox 657 1702 985 1757; x_wconf 85' lang='lat' dir='ltr'>Capucinorum.</span> <span class='ocrx_word' id='word_1_93' title='bbox 1052 1702 1213 1756; x_wconf 85' lang='lat' dir='ltr'>Saepe,</span> <span class='ocrx_word' id='word_1_94' title='bbox 1257 1701 1464 1751; x_wconf 90' lang='lat' dir='ltr'>multum,</span> <span class='ocrx_word' id='word_1_95' title='bbox 1507 1713 1671 1753; x_wconf 89' lang='lat' dir='ltr'>magna</span> <span class='ocrx_word' id='word_1_96' title='bbox 1704 1699 1892 1742; x_wconf 87' lang='lat' dir='ltr'>caritate</span> 
     </span>
     <span class='ocr_line' id='line_1_13' title="bbox 112 1782 1893 1840; baseline -0.001 -12"><span class='ocrx_word' id='word_1_97' title='bbox 112 1786 216 1828; x_wconf 90' lang='lat' dir='ltr'>mihi</span> <span class='ocrx_word' id='word_1_98' title='bbox 249 1786 391 1829; x_wconf 87' lang='lat' dir='ltr'>adfuit</span> <span class='ocrx_word' id='word_1_99' title='bbox 423 1786 474 1829; x_wconf 79' lang='lat' dir='ltr'>R.</span> <span class='ocrx_word' id='word_1_100' title='bbox 503 1786 550 1830; x_wconf 90' lang='lat' dir='ltr'>P.</span> <span class='ocrx_word' id='word_1_101' title='bbox 585 1786 824 1828; x_wconf 91' lang='lat' dir='ltr'>Ioannes</span> <span class='ocrx_word' id='word_1_102' title='bbox 858 1785 1122 1840; x_wconf 88' lang='lat' dir='ltr'>Baptista</span> <span class='ocrx_word' id='word_1_103' title='bbox 1154 1799 1259 1827; x_wconf 85' lang='lat' dir='ltr'>van</span> <span class='ocrx_word' id='word_1_104' title='bbox 1292 1784 1477 1827; x_wconf 88' lang='lat' dir='ltr'>Meurs</span> <span class='ocrx_word' id='word_1_105' title='bbox 1510 1783 1552 1827; x_wconf 80' lang='lat' dir='ltr'>S.</span> <span class='ocrx_word' id='word_1_106' title='bbox 1577 1784 1641 1833; x_wconf 52' lang='lat' dir='ltr'>.J.;</span> <span class='ocrx_word' id='word_1_107' title='bbox 1677 1782 1750 1825; x_wconf 89' lang='lat' dir='ltr'>alii</span> <span class='ocrx_word' id='word_1_108' title='bbox 1785 1798 1893 1837; x_wconf 88' lang='lat' dir='ltr'>quo-</span> 
     </span>
     <span class='ocr_line' id='line_1_14' title="bbox 113 1868 1890 1924; baseline -0.001 -11"><span class='ocrx_word' id='word_1_109' title='bbox 113 1885 196 1924; x_wconf 88' lang='lat' dir='ltr'>que</span> <span class='ocrx_word' id='word_1_110' title='bbox 238 1870 290 1913; x_wconf 86' lang='lat' dir='ltr'>de</span> <span class='ocrx_word' id='word_1_111' title='bbox 332 1869 552 1913; x_wconf 84' lang='lat' dir='ltr'>Societate</span> <span class='ocrx_word' id='word_1_112' title='bbox 585 1870 683 1912; x_wconf 89' lang='lat' dir='ltr'>Iesu</span> <span class='ocrx_word' id='word_1_113' title='bbox 725 1870 950 1913; x_wconf 85' lang='lat' dir='ltr'>fraternae</span> <span class='ocrx_word' id='word_1_114' title='bbox 983 1869 1185 1912; x_wconf 87' lang='lat' dir='ltr'>caritatis</span> <span class='ocrx_word' id='word_1_115' title='bbox 1219 1868 1374 1912; x_wconf 83' lang='lat' dir='ltr'>officiis</span> <span class='ocrx_word' id='word_1_116' title='bbox 1407 1882 1476 1911; x_wconf 88' lang='lat' dir='ltr'>me</span> <span class='ocrx_word' id='word_1_117' title='bbox 1508 1869 1731 1924; x_wconf 89' lang='lat' dir='ltr'>prosecuti</span> <span class='ocrx_word' id='word_1_118' title='bbox 1774 1871 1890 1921; x_wconf 89' lang='lat' dir='ltr'>sunt,</span> 
     </span>
     <span class='ocr_line' id='line_1_15' title="bbox 112 1952 1892 2009; baseline 0 -13"><span class='ocrx_word' id='word_1_119' title='bbox 112 1953 324 2009; x_wconf 87' lang='lat' dir='ltr'>imprimis</span> <span class='ocrx_word' id='word_1_120' title='bbox 359 1954 448 1997; x_wconf 70' lang='lat' dir='ltr'>RH.</span> <span class='ocrx_word' id='word_1_121' title='bbox 482 1954 565 1997; x_wconf 83' lang='lat' dir='ltr'>PP.</span> <span class='ocrx_word' id='word_1_122' title='bbox 599 1953 976 2009; x_wconf 83' lang='lat' dir='ltr'>hagiographi</span> <span class='ocrx_word' id='word_1_123' title='bbox 1009 1952 1376 1996; x_wconf 87' lang='lat' dir='ltr'>Bollandiani</span> <span class='ocrx_word' id='word_1_124' title='bbox 1415 1952 1637 1995; x_wconf 79' lang='lat' dir='ltr'>Bruxellis</span> <span class='ocrx_word' id='word_1_125' title='bbox 1679 1952 1892 2007; x_wconf 87' lang='lat' dir='ltr'>degentes</span> 
     </span>
     <span class='ocr_line' id='line_1_16' title="bbox 114 2036 1892 2089; baseline -0.001 -9"><span class='ocrx_word' id='word_1_126' title='bbox 114 2041 158 2081; x_wconf 85' lang='lat' dir='ltr'>et</span> <span class='ocrx_word' id='word_1_127' title='bbox 184 2038 275 2081; x_wconf 77' lang='lat' dir='ltr'>RR.</span> <span class='ocrx_word' id='word_1_128' title='bbox 300 2038 384 2080; x_wconf 87' lang='lat' dir='ltr'>PP.</span> <span class='ocrx_word' id='word_1_129' title='bbox 408 2038 731 2080; x_wconf 87' lang='lat' dir='ltr'>Bernardus</span> <span class='ocrx_word' id='word_1_130' title='bbox 764 2038 935 2089; x_wconf 89' lang='lat' dir='ltr'>Duhr,</span> <span class='ocrx_word' id='word_1_131' title='bbox 970 2037 1310 2080; x_wconf 86' lang='lat' dir='ltr'>Heribertus</span> <span class='ocrx_word' id='word_1_132' title='bbox 1344 2036 1652 2089; x_wconf 86' lang='lat' dir='ltr'>Thurston,</span> <span class='ocrx_word' id='word_1_133' title='bbox 1688 2037 1892 2079; x_wconf 87' lang='lat' dir='ltr'>Petrus</span> 
     </span>
     <span class='ocr_line' id='line_1_17' title="bbox 115 2119 1894 2176; baseline -0.001 -13"><span class='ocrx_word' id='word_1_134' title='bbox 115 2121 319 2164; x_wconf 90' lang='lat' dir='ltr'>Tacchi</span> <span class='ocrx_word' id='word_1_135' title='bbox 361 2122 614 2164; x_wconf 86' lang='lat' dir='ltr'>Venturi.</span> <span class='ocrx_word' id='word_1_136' title='bbox 678 2121 802 2164; x_wconf 89' lang='lat' dir='ltr'>Alios</span> <span class='ocrx_word' id='word_1_137' title='bbox 844 2122 887 2163; x_wconf 92' lang='lat' dir='ltr'>in</span> <span class='ocrx_word' id='word_1_138' title='bbox 929 2121 1023 2176; x_wconf 88' lang='lat' dir='ltr'>ipso</span> <span class='ocrx_word' id='word_1_139' title='bbox 1065 2121 1176 2163; x_wconf 88' lang='lat' dir='ltr'>libro</span> <span class='ocrx_word' id='word_1_140' title='bbox 1219 2120 1308 2162; x_wconf 87' lang='lat' dir='ltr'>suis</span> <span class='ocrx_word' id='word_1_141' title='bbox 1350 2119 1456 2162; x_wconf 89' lang='lat' dir='ltr'>locis</span> <span class='ocrx_word' id='word_1_142' title='bbox 1499 2120 1747 2163; x_wconf 89' lang='lat' dir='ltr'>nominabo.</span> <span class='ocrx_word' id='word_1_143' title='bbox 1812 2119 1894 2162; x_wconf 86' lang='lat' dir='ltr'>His</span> 
     </span>
    </p>
   </div>
   <div class='ocr_carea' id='block_1_3' title="bbox 113 2204 894 2259">
    <p class='ocr_par' dir='ltr' id='par_1_3' title="bbox 113 2204 894 2259">
     <span class='ocr_line' id='line_1_18' title="bbox 113 2204 894 2259; baseline 0.001 -12"><span class='ocrx_word' id='word_1_144' title='bbox 113 2205 312 2247; x_wconf 89' lang='lat' dir='ltr'>omnibus</span> <span class='ocrx_word' id='word_1_145' title='bbox 345 2204 560 2248; x_wconf 75' lang='lat' dir='ltr'>maximas</span> <span class='ocrx_word' id='word_1_146' title='bbox 593 2219 677 2259; x_wconf 87' lang='lat' dir='ltr'>ago</span> <span class='ocrx_word' id='word_1_147' title='bbox 709 2204 894 2259; x_wconf 84' lang='lat' dir='ltr'>gratias.</span> 
     </span>
    </p>
   </div>
   <div class='ocr_carea' id='block_1_4' title="bbox 233 2340 1222 2397">
    <p class='ocr_par' dir='ltr' id='par_1_4' title="bbox 233 2340 1222 2397">
     <span class='ocr_line' id='line_1_19' title="bbox 233 2340 1222 2397; baseline 0 -14"><span class='ocrx_word' id='word_1_148' title='bbox 233 2341 546 2397; x_wconf 66' lang='lat' dir='ltr'>Luxcmbmyo,</span> <span class='ocrx_word' id='word_1_149' title='bbox 581 2340 650 2383; x_wconf 82' lang='lat' dir='ltr'>die</span> <span class='ocrx_word' id='word_1_150' title='bbox 684 2342 753 2384; x_wconf 82' lang='lat'>27.</span> <span class='ocrx_word' id='word_1_151' title='bbox 789 2340 1058 2396; x_wconf 75' lang='lat' dir='ltr'>Septembris</span> <span class='ocrx_word' id='word_1_152' title='bbox 1095 2342 1222 2383; x_wconf 76' lang='lat'>1905.</span> 
     </span>
    </p>
   </div>
   <div class='ocr_carea' id='block_1_5' title="bbox 1593 2485 1821 2542">
    <p class='ocr_par' dir='ltr' id='par_1_5' title="bbox 1593 2485 1821 2542">
     <span class='ocr_line' id='line_1_20' title="bbox 1593 2485 1821 2542; baseline 0.004 -2"><span class='ocrx_word' id='word_1_153' title='bbox 1593 2485 1821 2542; x_wconf 86' lang='lat' dir='ltr'>Editor.</span> 
     </span>
    </p>
   </div>
  </div>
 </body>
</html>
