2182 3339
123 229 236 270 1563

134 435 225 472 1563

135 543 226 578 1563

136 598 226 633 1563

128 732 241 773 1563

130 869 242 910 1563

139 1076 230 1111 1563

138 1130 230 1165 1563

140 1345 231 1380 1563

142 1507 232 1542 1563
300 1549 301 1554 ,

142 1670 233 1704 1563

144 1832 235 1866 1563

146 2046 238 2081 1563

148 2207 239 2243 1563

149 2423 240 2458 1563

144 2667 256 2709 1563

153 2876 244 2910 1563

154 2930 244 2965 1563

155 3039 246 3074 1563

616 103 707 139 1563
735 102 822 138 Maii
849 102 905 137 22.
935 124 977 128 —
1011 102 1100 136 1563
1129 100 1227 146 Sept.
1258 100 1312 134 19.

320 228 424 269 ante
459 226 529 267 25.
563 223 643 266 Iul.

308 435 401 469 inter
437 434 494 468 25.
526 431 592 466 Iul.
630 433 666 466 et

394 488 448 522 14.
476 488 570 531 Aug.

410 542 475 576 Iul.
505 542 561 576 31.

405 597 498 639 Aug.
529 596 559 630 1.

325 730 380 772 ab
417 731 454 772 1.
490 728 546 771 ad
582 729 649 770 14.

346 794 478 849 (fere)
511 794 625 848 Aug.

310 867 441 923 paulo
466 870 571 910 ante
598 868 665 909 14.

309 933 424 988 Aug.
450 932 539 986 (vel
563 935 668 975 ante

372 1002 440 1043 13.
475 999 607 1053 Iul.‘?)

400 1078 494 1120 Aug.
523 1076 579 1110 14.

400 1131 495 1175 Aug.
524 1131 579 1165 15.

402 1347 496 1391 Aug.
525 1346 581 1382 22.

402 1511 496 1554 Aug.
525 1509 582 1543 24.

403 1672 498 1715 Aug.
526 1671 583 1706 29.

414 1832 513 1878 Sept.
541 1833 574 1867 5.

416 2047 513 2094 Sept.
541 2047 574 2083 8.

409 2210 506 2256 Sept.
536 2210 591 2244 12.

321 2425 388 2461 sub
407 2425 500 2461 med.
516 2437 562 2460 m.
579 2426 678 2471 Sept.

353 2667 470 2710 inter
505 2669 573 2710 12.
609 2669 654 2710 et

388 2734 455 2776 18.
491 2733 610 2789 Sept.

414 2875 513 2920 Sept.
542 2876 596 2910 18.

415 2929 512 2974 Sept.
542 2929 598 2964 18.

417 3037 513 3083 Sept.
544 3039 598 3073 19.

1729 114 1859 144 XLVII

699 222 893 265 Auctore
919 222 1098 275 Ilsungo
1127 219 1313 263 Suebiae
1339 218 1565 274 praefecto
1594 219 1732 261 multa
1757 218 1863 260 Sue-

760 288 859 330 biae
892 287 1164 330 monasteria
1205 286 1477 341 perlustrare
1510 284 1553 326 in
1587 283 1727 338 iisque
1761 299 1864 327 con-

761 355 922 398 tionari
957 353 1109 409 incipit
1142 352 1312 406 (1036).

705 432 742 465 In
771 429 929 466 civitate
954 428 1161 465 lutherana
1187 428 1343 474 quadam
1373 427 1605 462 contionatur
1634 426 1774 471 (1036).

703 538 895 583 Augustae
924 540 1093 573 versatur
1122 537 1237 581 (301).

703 593 806 628 Dom.
837 593 898 627 IX.
925 595 1009 638 post
1036 593 1138 626 Pent.
1168 591 1397 626 contionatur
1418 589 1470 634 (2³)
1498 590 1535 624 in
1562 588 1718 624 ecclesia
1746 588 1866 624 cathe-

765 647 857 681 drali
886 646 1002 690 (821).

705 729 754 770 In
789 725 977 770 Suebiae
1012 724 1295 768 monasteriis
1333 723 1578 767 contionari
1611 725 1694 766 etc.
1721 720 1869 777 pergit

770 791 939 846 (1036).

705 865 755 907 In
790 876 893 907 arce
927 863 1113 918 quadam
1150 865 1398 905 matronam
1433 861 1615 904 divitem
1643 874 1699 903 ex
1721 859 1867 903 luthe-

766 930 960 973 ranismo
985 930 1039 972 ad
1065 929 1296 972 ecclesiam
1319 928 1490 971 reducit
1513 930 1558 970 et
1579 926 1664 982 ipsi
1689 926 1868 980 eiusque

768 995 1020 1039 domesticis
1063 997 1345 1038 sacramenta
1378 993 1663 1037 administrat
1696 991 1866 1046 (1038).

707 1072 899 1119 Augustae
925 1073 1027 1117 degit
1055 1072 1170 1116 (307).

709 1127 810 1162 Dom.
837 1127 901 1161 XI.
927 1129 1011 1172 post
1037 1127 1139 1161 Pent.
1169 1128 1206 1160 et
1232 1126 1289 1160 die
1316 1124 1588 1170 Assumptionis
1615 1124 1655 1158 B.
1682 1123 1732 1158 M.
1759 1123 1806 1158 V.
1833 1122 1868 1156 in

769 1181 856 1216 eccl.
894 1181 1055 1215 cathedr.
1092 1181 1135 1215 de
1162 1180 1380 1214 Sanctorum
1415 1179 1523 1214 festis
1559 1180 1596 1213 et
1629 1177 1789 1212 maxime
1825 1176 1869 1210 de

769 1235 837 1270 hoc
863 1235 920 1269 die
947 1235 986 1269 B.
1008 1235 1057 1269 M.
1077 1235 1120 1269 V.
1148 1233 1374 1269 sollemniter
1400 1233 1540 1277 agendo
1568 1232 1656 1267 dicit
1682 1233 1718 1266 et
1744 1242 1870 1266 veram

769 1289 1064 1324 reformationem
1092 1289 1322 1323 commendat
1351 1286 1467 1332 (821).

710 1345 813 1379 Dom.
842 1344 921 1378 XII.
950 1346 1032 1389 post
1059 1343 1162 1377 Pent.
1190 1343 1323 1377 ibidem
1361 1342 1404 1377 de
1430 1340 1651 1376 necessitate
1677 1340 1871 1383 magistra-

768 1401 872 1433 tuum
899 1397 988 1432 dicit
1022 1400 1058 1432 et
1095 1409 1140 1431 ex
1176 1396 1370 1441 evangelio
1405 1396 1476 1430 diei
1513 1394 1794 1441 protestantium
1830 1393 1873 1427 de

775 1451 872 1495 „sola
899 1452 969 1486 fide
999 1452 1238 1486 iustificante“
1271 1450 1471 1485 doctrinam
1498 1449 1638 1484 refellit
1666 1448 1782 1493 (822).

710 1507 777 1541 Die
804 1506 838 1541 S.
866 1505 1134 1541 Bartholomaei
1164 1506 1229 1551 Ap.
1256 1505 1388 1540 ibidem
1426 1504 1469 1538 de
1504 1502 1726 1538 necessitate
1760 1501 1874 1546 magi-

771 1563 954 1595 stratuum
981 1559 1312 1595 ecclesiasticorum
1340 1561 1376 1593 et
1402 1559 1446 1593 de
1472 1557 1664 1602 evangelio
1692 1556 1763 1591 diei
1787 1556 1875 1591 dicit

712 1669 814 1704 Dom.
834 1669 932 1703 XIII.
952 1670 1045 1714 post.
1065 1668 1169 1702 Pent.
1189 1667 1321 1702 ibidem
1341 1668 1562 1712 potestatem
1587 1665 1874 1700 ecclesiasticam

774 1722 872 1757 civili
899 1722 1071 1757 maiorem
1100 1733 1181 1756 esse
1209 1722 1436 1756 demonstrat
1462 1722 1497 1755 et
1535 1719 1768 1764 evangelium
1803 1719 1874 1754 diei

773 1776 918 1822 copiose
945 1776 1096 1821 exponit
1125 1775 1240 1820 (822).

713 1831 815 1865 Dom.
844 1830 940 1865 XIV.
968 1832 1051 1876 post
1077 1830 1180 1865 Pent.
1218 1830 1350 1864 ibidem
1389 1829 1432 1863 de
1464 1828 1661 1863 honoribus
1694 1830 1730 1862 et
1764 1827 1874 1873 privi-

774 1884 881 1928 legiis
908 1896 929 1919 a
948 1884 1022 1919 Deo
1048 1884 1085 1918 in
1112 1884 1322 1919 sacerdotes
1350 1882 1493 1918 collatis
1520 1882 1607 1917 dicit
1635 1883 1671 1916 et
1698 1894 1743 1916 ex
1765 1893 1873 1916 evan-

775 1938 869 1983 gelio
891 1938 972 1980 diei,
1000 1941 1225 1984 quantopere
1250 1938 1415 1973 homines
1443 1937 1598 1972 caritate
1624 1936 1814 1980 indigeant
1838 1938 1875 1970 et

776 2004 846 2037 qua
857 1993 996 2027 ratione
1012 2004 1089 2027 eam
1105 1993 1174 2027 sibi
1189 2004 1400 2038 comparare
1412 1991 1578 2033 debeant,
1594 1990 1744 2036 exponit
1757 1990 1873 2034 (822).

695 2023 780 2081 ¹'Die
807 2046 1024 2082 Nativitatis
1050 2047 1091 2081 B.
1118 2047 1257 2081 Mariae
1285 2047 1328 2081 V.
1356 2046 1488 2081 ibidem
1515 2045 1559 2079 de
1585 2045 1680 2079 sacri
1713 2044 1783 2079 diei
1819 2056 1873 2079 ra-

775 2101 872 2135 tione
900 2103 936 2135 et
962 2113 1048 2143 usu,
1076 2101 1120 2135 de
1146 2101 1285 2135 Mariae
1313 2100 1492 2145 dignitate
1520 2102 1555 2134 et
1581 2099 1803 2140 virtutibus,
1831 2098 1874 2133 de

776 2155 900 2189 eadem
928 2155 1131 2189 invocanda
1159 2155 1392 2190 contionatur
1421 2153 1535 2198 (822).

716 2209 818 2244 Dom.
836 2209 916 2243 XV.
943 2212 1026 2254 post
1049 2210 1151 2244 Pent.
1179 2209 1312 2243 ibidem
1339 2209 1579 2253 magistratus
1606 2206 1876 2242 ecclesiasticos

775 2262 899 2307 magni
925 2263 1111 2298 faciendos
1138 2275 1218 2298 esse
1255 2263 1432 2308 exemplis
1468 2265 1505 2297 et
1540 2273 1586 2296 ex
1613 2261 1801 2306 Scriptura
1840 2262 1877 2295 et

777 2317 923 2352 aliunde
942 2317 1093 2363 prolatis
1112 2317 1325 2363 comprobat
1342 2321 1453 2362 atque
1472 2315 1705 2360 evangelium
1725 2315 1795 2349 diei
1817 2326 1876 2349 ex-

777 2371 890 2417 plicat
919 2371 1034 2416 (822).

718 2427 774 2460 Ab
792 2428 930 2460 Ioanne
949 2427 1094 2460 Alberto
1114 2427 1352 2470 H'v'mpz'nensi
1375 2426 1580 2469 professore
1606 2423 1878 2467 inyolstadiensi

778 2482 899 2515 editur
924 2481 1014 2515 liber
1041 2482 1139 2525 „Von
1166 2481 1231 2514 der
1260 2480 1504 2522 Gesellsclwfft
1523 2477 1646 2523 Jeszd‘,
1674 2488 1743 2522 quo
1770 2477 1877 2511 Cani-

777 2536 854 2569 sius
875 2536 1068 2569 Chemnitii
1093 2536 1266 2568 adversus
1285 2534 1494 2568 Societatem
1520 2533 1652 2566 librum
1673 2543 1695 2566 α
1713 2532 1880 2575 chnyero

776 2591 981 2633 yermam‘ce
1006 2600 1144 2623 versum
1173 2590 1309 2632 refutat
1337 2585 1475 2631 (1001).

719 2667 821 2710 Can.
855 2666 1063 2722 Dilingae
1106 2666 1441 2709 universitatem
1475 2669 1557 2708 etc.
1591 2663 1780 2718 inspicit,
1815 2665 1877 2713 ut,

780 2747 893 2787 quae
917 2733 1053 2776 Sociis
1087 2747 1137 2776 eo
1161 2732 1360 2775 venturis
1383 2731 1581 2786 paranda
1614 2729 1715 2781 sint,
1749 2729 1878 2772 intel-

780 2800 904 2853 legat
936 2798 1076 2853 (334).

720 2873 913 2921 Augustae
938 2877 1101 2909 moratur
1129 2874 1244 2917 (336).

727 2930 938 2963 Tridentum
974 2931 1021 2963 ad
1057 2929 1282 2962 cardinalem
1310 2929 1463 2961 Hostum
1497 2928 1671 2970 scriptum
1707 2936 1729 2958 a
1759 2929 1880 2968 prote-

781 2985 959 3017 stantibus
984 2988 1111 3017 eontra
1137 2983 1328 3016 concilium
1355 2983 1486 3015 editum
1513 2982 1621 3014 mittit
1649 2979 1765 3022 (336).

722 3037 825 3072 Dom.
852 3037 949 3071 XVI.
976 3039 1059 3082 post
1085 3036 1188 3070 Pent.
1222 3035 1258 3069 in
1292 3034 1379 3069 eccl.
1417 3034 1578 3069 cathedr.
1615 3034 1794 3068 adversus
1829 3032 1879 3066 ni-

782 3091 891 3125 miam
919 3090 1080 3136 corporis
1106 3090 1354 3133 bonorumque
1380 3100 1504 3122 curam
1532 3100 1577 3122 ex
1599 3086 1790 3131 evangelio
1810 3085 1880 3120 diei

787 3145 839 3188 (et
854 3145 896 3179 de
911 3143 1190 3188 magistratibus
1202 3142 1505 3186 ecclesiasticis2)
1520 3141 1749 3176 contionatur
1764 3139 1880 3183 (822).
