2182 3339
632 111 677 145 ll.
714 110 941 145 Prooemium
969 109 1164 145 voluminis
1191 109 1323 154 quarti.
1729 124 1878 152 XXX1X

87 230 283 275 gistrorum
311 231 347 264 et
373 229 663 264 contionatorum
700 227 960 262 catholicorum
998 227 1149 272 penuria
1179 226 1264 270 (134
1293 226 1400 270 335),
1437 226 1481 260 ad
1508 225 1671 261 infirmos
1698 227 1780 262 illos
1808 239 1877 262 non

86 284 258 319 accedere
276 284 345 318 nisi
373 283 477 328 gravi
503 283 724 317 necessitate
751 284 902 326 cogente
924 282 1009 325 (264
1029 282 1096 315 321
1118 282 1216 325 325),
1245 283 1281 315 et
1300 280 1469 315 Canisius
1495 280 1709 315 nominatim
1734 280 1876 315 illorum

86 338 333 373 confessiones
360 338 528 382 excipere
555 348 576 371 a
601 336 726 371 Lainio
762 335 969 381 praeposito
1006 335 1167 379 generali
1204 335 1342 369 vetitus
1369 337 1448 369 erat
1477 334 1600 378 (265);
1638 335 1716 380 ipse
1742 337 1876 375 tamen,

87 403 168 427 cum
195 391 357 427 canonici
393 390 615 426 cathedralis
651 389 827 425 ecclesiae
864 390 951 424 urbe
987 390 1209 433 migrassent
1235 400 1277 423 ac
1303 390 1381 423 tum
1413 388 1608 423 cardinalis
1636 388 1772 424 Hosius
1798 391 1876 423 tum

87 445 381 491 archiepiscopus
407 445 641 489 moguntinus
668 444 854 479 Canisium
890 443 985 477 idem
1022 443 1143 477 facere
1180 445 1417 487 exoptarent.
1453 443 1523 477 sibi
1549 443 1768 477 manendum
1796 455 1877 478 esse

87 500 263 534 iudicavit
298 499 538 544 manendique
574 498 719 533 veniam
746 510 767 533 a
795 497 919 532 Lainio
954 497 1169 542 impetravit
1206 497 1292 540 (382
1328 498 1397 531 399
1433 497 1504 532 403
1539 497 1610 532 408
1637 496 1744 541 887),
1781 497 1878 532 sicut

86 554 195 588 etiam
215 553 448 588 Vindobonae
467 553 559 588 Socii
580 552 810 598 pestilentiae
834 554 996 596 tempore
1024 551 1167 585 nemine
1193 551 1331 596 petenti
1358 563 1504 596 operam
1532 551 1716 595 negabant
1737 551 1823 596 (264
1835 552 1875 596 ⁵),

86 610 123 642 et
142 606 308 651 Lugduni
330 607 366 642 P.
389 607 599 642 Edmuudus
626 607 809 651 Augerius
836 605 1042 640 hominibus
1069 605 1281 650 pestilentia
1308 605 1452 640 infectis
1479 606 1669 640 caritatem
1696 617 1876 640 summam

87 662 305 706 praestando
325 661 511 696 Gallorum
539 661 678 695 animos
696 661 764 695 sibi
785 662 821 694 et
839 660 1012 695 Societati
1040 659 1252 694 conciliavit
1272 659 1508 704 (716—717).
1553 660 1608 695 Ob
1628 659 1875 705 pestilentiam

86 715 199 759 igitur
224 715 369 750 scholas
396 715 588 749 Societatis
621 714 814 749 intermitti
845 715 930 757 (655
959 714 1027 748 753
1056 714 1141 757 772)
1180 713 1350 758 ipsosque
1378 713 1502 748 Socios
1537 726 1709 758 magnam
1745 714 1874 749 saltem

85 771 226 814 partem
245 770 279 804 in
306 769 397 803 alias
424 769 590 811 regiones
616 769 711 803 mitti
739 768 930 814 oportebat
950 768 1009 811 (47
1030 768 1100 802 510
1119 767 1189 802 540
1209 768 1278 802 668
1299 767 1399 811 690).
1445 767 1649 812 Singularis
1676 768 1875 803 difficultas

86 835 132 858 ex
158 823 368 869 pestilentia
395 821 633 868 Oenipontem
662 826 789 857 urente
816 824 896 857 orta
923 825 998 856 est:
1036 821 1338 863 Archiducissae,
1367 833 1457 866 quas
1485 822 1570 863 dixi,
1598 822 1787 857 Meranam
1814 823 1874 857 ab·

86 880 214 911 euntes
240 877 328 911 duos
355 876 548 911 Societatis
574 877 783 911 sacerdotes
809 888 932 910 secum
970 875 1200 910 abduxerunt
1227 875 1344 920 (597).
1397 875 1565 911 Canisius
1591 888 1702 910 unum
1730 876 1774 911 iis
1800 877 1874 911 suf-

86 931 193 965 ficere
220 931 363 965 dicebat
383 931 468 974 (700
488 932 556 965 766
577 931 682 974 793);
711 942 804 975 quae
831 942 889 964 res
908 930 1149 973 Magdalenae
1176 929 1337 964 animum
1364 930 1415 964 ita
1442 930 1648 965 offendebat
1669 930 1754 975 (685
1775 931 1874 975 776),

86 987 126 1019 ut
143 996 206 1030 per
224 985 366 1019 litteras
385 996 450 1019 suo
469 996 704 1029 sororumque
731 984 875 1018 nomine
903 984 1008 1018 datas
1027 983 1194 1018 Lainium
1221 984 1468 1029 praepositum
1489 984 1697 1028 generalem
1716 987 1874 1028 rogaret,

82 1050 126 1072 ne
155 1037 339 1073 Canisium
366 1050 497 1073 causae
524 1039 701 1073 arbitrum
728 1038 967 1072 constitueret
987 1039 1111 1081 (949);
1139 1037 1184 1072 lis
1204 1041 1324 1072 tamen
1352 1038 1424 1072 cito
1451 1039 1652 1084 composita
1682 1040 1738 1073 est
1758 1038 1873 1083 (950).

84 1092 200 1127 Maior
234 1096 356 1127 autem
393 1104 514 1138 pugna
551 1092 695 1127 Canisio
732 1095 811 1126 erat
846 1104 926 1126 cum
958 1091 1138 1126 Bavariae
1174 1092 1276 1126 ducis
1312 1091 1529 1127 consiliariis
1565 1092 1789 1134 sustinenda,
1834 1095 1875 1127 ut

83 1146 257 1182 Societati
283 1158 450 1187 suorum,
487 1158 715 1191 quocumque
742 1148 821 1191 ipsa
848 1145 980 1187 vellet,
1012 1146 1270 1180 mittendorum
1298 1145 1450 1181 libertas
1477 1149 1662 1182 constaret
1691 1146 1776 1190 (298
1804 1147 1873 1181 302

83 1201 151 1236 305
180 1201 248 1235 596
277 1202 342 1235 731
373 1202 472 1243 940).
524 1202 646 1245 Atque
671 1201 767 1234 inter
793 1200 892 1245 ipsos
919 1199 1042 1234 Socios
1075 1200 1209 1241 fuisse,
1246 1201 1308 1244 qui
1334 1202 1584 1246 praepositum
1611 1201 1874 1246 provincialem

82 1254 325 1289 sollicitudine
361 1255 570 1296 afficerent,
608 1266 653 1289 ex
681 1255 743 1296 iis,
781 1266 874 1299 quae
910 1253 1004 1295 dixi,
1041 1253 1132 1287 satis
1170 1254 1295 1298 liquet.
1349 1255 1449 1289 Addo
1485 1254 1553 1289 hoc
1588 1257 1752 1300 tempore
1779 1267 1872 1290 com-

83 1308 248 1353 paruisse
284 1309 448 1352 germina
484 1308 768 1348 dissensionum,
805 1319 897 1352 quae
924 1307 1110 1352 aliquanto
1137 1311 1218 1353 post
1254 1308 1348 1342 inter
1375 1308 1560 1344 Canisium
1587 1313 1624 1343 et
1651 1309 1690 1344 P.
1718 1309 1871 1343 Paulum

82 1363 282 1404 Hoffaeum,
311 1363 428 1397 virum
457 1363 665 1406 ceteroquin
692 1362 800 1396 valde
826 1363 988 1407 probum,
1015 1362 1135 1406 palam
1163 1363 1385 1397 exstiterunt
1413 1363 1495 1406 (741
1529 1364 1649 1407 1050).
1696 1363 1873 1398 Sacerdos

82 1416 228 1460 quidam
255 1429 300 1450 ex
327 1416 507 1451 Societate
534 1417 705 1451 dimissus
733 1428 811 1450 eam
839 1416 1042 1450 maledictis
1069 1418 1104 1450 et
1132 1415 1323 1451 calumniis
1349 1417 1637 1462 persequebatur
1666 1418 1782 1462 (479).

201 1471 278 1505 Hoc
298 1470 441 1505 Canisio
468 1470 574 1505 valde
602 1473 681 1505 erat
707 1471 816 1512 cordi,
843 1471 937 1504 utin
957 1469 1121 1513 collegiis
1140 1469 1335 1505 Societatis
1362 1471 1582 1515 germanicis
1601 1475 1638 1506 et
1664 1472 1871 1506 litterarum

80 1524 202 1558 studia
220 1527 257 1559 et
274 1525 466 1568 religiosae
486 1525 642 1559 virtutes
660 1525 842 1559 florerent.
878 1524 1059 1558 Romanos
1078 1524 1202 1558 Socios
1220 1525 1400 1568 monebat,
1426 1526 1688 1570 providendum
1708 1538 1799 1568 esse,
1819 1528 1871 1567 ut,

82 1579 142 1622 qui
162 1579 197 1613 in
218 1579 448 1613 Germaniam
469 1580 710 1621 mitterentur,
731 1579 820 1613 bene
839 1579 951 1613 latine
969 1578 1106 1613 scirent
1128 1578 1212 1621 (143
1233 1579 1337 1622 234);
1365 1591 1482 1624 neque
1505 1580 1705 1623 ⁷,bullatos“
1728 1583 1871 1615 tantum

80 1632 246 1667 doctores
267 1633 351 1677 (322
370 1633 469 1676 325),
496 1633 559 1667 sed
586 1645 646 1668 eos
673 1633 769 1667 mitti
796 1633 935 1674 debere,
964 1633 1025 1677 qui
1050 1633 1086 1666 in
1116 1633 1275 1667 docendo
1302 1633 1493 1668 exercitati
1520 1637 1644 1669 essent
1665 1635 1751 1679 (138
1770 1634 1871 1678 322).

81 1686 204 1721 Socios
231 1699 338 1721 curae
365 1699 451 1722 suae
487 1687 699 1721 commissos
735 1698 844 1732 saepe
870 1687 1071 1727 invisebat:
1109 1687 1277 1731 Augusta
1312 1688 1500 1732 profectus
1532 1690 1588 1723 est
1614 1688 1681 1723 hoc
1708 1691 1871 1734 tempore

81 1739 320 1786 Oenipontem
358 1744 433 1783 ter,
477 1740 708 1775 Monachium
751 1740 962 1785 quinquies,
1005 1740 1271 1784 Ingolstadium
1310 1741 1522 1786 quinquies,
1565 1742 1751 1787 Dilingam
1793 1742 1870 1777 fere

80 1794 267 1829 terdecies.
327 1795 367 1828 In
415 1795 569 1839 singulis
617 1794 784 1838 collegiis
830 1794 1056 1837 singulorum
1096 1795 1344 1830 confessiones
1381 1797 1527 1841 excepit
1565 1796 1647 1840 (441
1688 1797 1759 1831 447
1800 1797 1869 1832 512

80 1849 149 1883 582
185 1849 254 1883 592
292 1849 376 1892 792)
413 1849 618 1893 fratresque
654 1848 699 1882 ad
734 1851 821 1882 vota
856 1848 1027 1892 religiosa
1065 1849 1120 1893 pie
1156 1849 1365 1883 renovanda
1397 1862 1477 1884 cum
1514 1850 1670 1895 privatis
1706 1850 1869 1885 cohorta-

79 1902 238 1936 tionibus
264 1904 342 1936 tum
369 1903 591 1937 orationibus
618 1902 660 1936 de
688 1902 880 1937 Societatis
916 1902 1083 1936 instituto
1109 1902 1244 1937 habitis
1274 1902 1360 1947 (434
1395 1904 1463 1938 916
1492 1904 1576 1947 938)
1615 1905 1869 1950 praeparavit;

80 1956 211 2000 quibus
246 1956 281 1990 in
322 1956 630 1998 „visitationibus“
671 1959 707 1990 et
742 1957 819 2001 ipse
856 1959 891 1990 et
926 1956 1070 1991 sodales
1103 1957 1204 1991 uberi
1240 1957 1496 1992 afficiebantur
1521 1958 1655 1993 solacio
1685 1959 1772 2002 (814
1798 1959 1867 1994 929

82 2011 150 2044 930
178 2010 276 2051 941).

204 2064 256 2098 10.
293 2063 418 2107 Neque
444 2063 561 2098 solum
588 2063 780 2098 Societatis
807 2063 971 2099 homines
997 2065 1032 2098 in
1061 2064 1257 2099 Germania
1284 2065 1478 2109 degentes,
1510 2067 1575 2101 sed
1602 2066 1866 2103 Germanos

81 2129 240 2152 omnes
267 2117 409 2151 sincera
435 2118 588 2152 caritate
616 2117 784 2152 Canisius
810 2118 1129 2163 complectebatur.
1173 2118 1324 2153 Romam
1352 2120 1396 2154 ad
1417 2120 1585 2155 Carolum
1605 2121 1867 2156 Vicecomitem

79 2172 288 2217 episcopum
315 2171 608 2206 vintimiliensem
636 2175 672 2206 et
700 2172 754 2206 Pii
783 2172 842 2207 [V.
870 2173 1111 2218 propinquum
1140 2174 1438 2208 commentarium
1465 2174 1582 2217 misit,
1611 2187 1681 2220 quo
1708 2176 1751 2210 de
1779 2175 1868 2210 Ger-

79 2226 199 2260 mania
235 2226 269 2259 in
306 2226 412 2259 rebus
449 2225 581 2260 divinis
617 2226 775 2260 iuvanda
812 2227 945 2270 agebat
972 2227 1058 2271 (738
1087 2227 1187 2271 770).
1240 2227 1396 2262 Dolebat
1431 2228 1685 2271 vehementer,
1722 2242 1803 2265 cum
1830 2231 1866 2265 in

78 2279 207 2314 ltaliae
234 2280 536 2314 universitatibus
563 2281 736 2314 iuvenum
763 2292 1017 2324 germanorum
1044 2293 1162 2316 mores
1189 2294 1302 2326 paene
1321 2282 1365 2316 de
1391 2282 1571 2317 industria
1598 2285 1779 2330 corrumpi
1807 2285 1867 2319 vel

76 2334 302 2368 Lutheranos
322 2336 358 2368 et
377 2333 608 2368 Galvinianos
634 2334 751 2380 turpis
771 2334 861 2369 lucri
888 2335 1008 2379 gratia
1035 2336 1150 2370 creari
1179 2336 1267 2370 iuris
1286 2338 1323 2370 et
1342 2337 1542 2372 medicinae
1569 2338 1734 2374 doctores
1760 2339 1864 2374 intel-

77 2388 234 2432 legeret,
271 2389 331 2432 qui
367 2388 494 2422 deinde
522 2389 557 2422 in
585 2388 781 2423 Germania
808 2401 889 2423 cum
925 2389 1088 2435 specioso
1116 2390 1273 2425 doctoris
1300 2390 1380 2425 itali
1406 2391 1512 2426 titulo
1540 2392 1716 2428 ecclesiae
1743 2393 1865 2428 catho—

77 2442 169 2476 licae
204 2442 422 2477 detrimenta
457 2443 632 2477 inferrent
670 2443 792 2486 (653);
833 2455 944 2487 quare
981 2444 1146 2478 Lainium
1181 2444 1429 2490 praepositum
1464 2446 1672 2489 generalem
1708 2449 1864 2491 rogavit,

78 2507 223 2541 operam
250 2497 363 2537 daret,
390 2499 431 2530 ut
456 2496 620 2541 pontifex
648 2498 692 2531 ad
719 2500 860 2531 tantum
888 2497 1023 2532 malum
1050 2499 1210 2532 remedia
1237 2498 1445 2539 adhiberet;
1483 2502 1592 2545 atque
1628 2502 1680 2535 ita
1716 2513 1863 2536 causam

77 2550 242 2595 praebuit
278 2551 519 2594 gravissimae
554 2551 608 2585 illi
644 2551 893 2586 constitutioni
929 2551 1135 2596 pontificiae
1166 2552 1225 2595 (ne
1256 2565 1350 2587 nunc
1387 2553 1532 2598 quidem
1568 2556 1663 2589 omni
1693 2557 1728 2590 vi
1755 2556 1863 2591 desti-

78 2605 210 2647 tutae),
237 2616 318 2648 qua,
346 2604 408 2648 qui
434 2605 629 2648 magistros
656 2617 764 2649 agere
795 2605 851 2639 vel
871 2606 914 2640 ad
935 2607 1070 2650 gradus
1097 2607 1325 2642 academicos
1353 2609 1557 2652 promoveri
1583 2609 1732 2652 vellent,
1764 2622 1863 2655 „pro-

78 2658 270 2692 fessionem
299 2658 400 2692 fidei“
430 2658 664 2693 tridentinam
692 2660 812 2694 facere
840 2659 1056 2694 iubebantur
1086 2660 1166 2704 (761
1197 2661 1265 2695 772
1293 2661 1392 2705 790).

197 2711 337 2753 Fateor,
363 2712 399 2746 in
427 2712 607 2757 aliquibus
634 2713 742 2748 rebus
770 2714 938 2748 Canisius
964 2715 1150 2756 severius,
1186 2727 1256 2749 non
1284 2715 1401 2750 solum
1429 2716 1460 2750 si
1486 2719 1630 2757 nostra,
1661 2717 1724 2752 sed
1752 2718 1860 2753 etiam

77 2765 107 2799 si
134 2764 197 2799 illa
232 2768 394 2810 tempora
428 2769 660 2811 spectentur,
695 2767 855 2802 sensisse
892 2767 1007 2802 videri
1040 2771 1181 2813 potest;
1219 2770 1269 2803 ita
1297 2769 1332 2803 in
1360 2770 1572 2814 quaestione
1608 2771 1671 2805 illa
1706 2772 1861 2807 multum

78 2819 237 2863 agitata,
273 2831 359 2853 num
385 2823 421 2854 et
447 2821 577 2864 quibus
608 2833 689 2856 cum
726 2822 996 2857 condicionibus
1024 2823 1101 2865 5⁰s0
1129 2823 1222 2857 sumi
1260 2823 1386 2858 liceret
1415 2824 1500 2866 (563
1527 2825 1634 2868 849);
1672 2826 1723 2860 ita
1750 2827 1860 2861 etiam

76 2873 112 2907 in
138 2873 437 2918 interpretatione
470 2874 593 2919 legum
629 2876 854 2920 quarundam
891 2877 1166 2918 canonicarum,
1204 2879 1244 2911 ut
1270 2889 1363 2922 quae
1400 2878 1443 2912 de
1479 2881 1709 2923 peccatorum
1746 2893 1858 2916 reser-

76 2929 243 2961 vatorum
274 2927 452 2962 solutione
480 2928 566 2972 (508
593 2930 662 2965 588
689 2929 774 2973 861)
804 2932 840 2964 et
866 2930 908 2964 de
936 2930 1330 2965 excommunicatorum
1368 2933 1626 2968 consuetudine
1663 2934 1859 2970 devitanda

77 2981 179 3025 (861)
208 2981 304 3015 latae
339 2984 435 3016 sunt.
487 2985 657 3018 Attamen
685 2983 877 3018 Germanis
904 2984 1000 3027 suis,
1037 2985 1099 3019 ubi
1125 2985 1202 3019 fieri
1229 2997 1336 3030 posse
1367 2986 1621 3029 existimabat,
1658 2990 1859 3033 patrocina-

75 3035 192 3070 batur.
255 3035 548 3079 commendavit,
590 3040 630 3072 ut
664 3038 700 3071 in
736 3037 886 3073 concilio
921 3039 1119 3073 tridentino
1155 3040 1450 3084 procuratoribus
1486 3040 1736 3087 episcoporum
1773 3043 1854 3079 Ger-

75 3089 217 3123 maniae
243 3089 299 3123 ius
326 3090 490 3134 suffragii
518 3091 738 3126 tribueretur
767 3092 865 3135 (82);
896 3092 1082 3134 suadebat,
1109 3095 1149 3126 ut
1175 3093 1464 3137 protestantibus
1490 3095 1534 3129 ad
1562 3095 1753 3131 ecclesiam
1781 3098 1859 3132 red-

75 3142 244 3177 euntibus
279 3143 372 3177 bona
407 3144 677 3186 ecclesiastica,
713 3157 805 3190 quae
832 3146 1090 3187 abstulissent,
1131 3147 1460 3188 „condonarentur-‘⁴
1494 3149 1592 3191 (93).
1629 3152 1669 3184 ut
1701 3151 1853 3192 ,lndex‘

145 3207 453 3241 Braunsberger.
475 3209 586 3235 Canisii
603 3209 758 3243 Epistulae
779 3211 810 3236 et
825 3211 911 3237 Acta.
932 3211 983 3237 lV.
1399 3234 1401 3238 .
1548 3208 1567 3242 d
