2182 3339
269 109 388 137 XXIV
825 92 869 127 II.
908 92 1135 127 Prooemium
1161 92 1357 127 voluminis
1384 92 1517 137 quarti.

267 213 462 267 pontani,
498 212 741 268 pragensis,
776 213 1060 263 treverensis,
1095 213 1259 264 veneti,
1284 213 1646 265 vindobonensis;
1683 214 1898 269 Georgius
1922 214 2063 268 Sigis-

269 279 452 321 mundus
477 279 578 321 Seld
611 282 654 322 et
678 279 867 321 Ioannes
890 279 1098 334 Baptista
1122 279 1286 322 Weber
1307 279 1480 335 imperii
1504 280 1878 329 vicecancellarii;
1915 281 2063 323 Simon

269 345 532 387 Thaddaeus
570 345 665 387 Eck
700 345 870 388 Alberti
895 345 947 388 V.
973 345 1193 387 Bavariae
1227 345 1348 387 ducis
1383 345 1674 388 cancellarius
1707 349 1752 388 et
1785 346 2064 388 consiliarius

269 411 551 466 praecipuus;
587 410 713 453 multi
737 411 819 452 viri
854 411 983 461 docti,
1018 414 1068 453 ut
1091 410 1257 465 Caspar
1280 411 1497 453 Cardillus
1521 411 1574 453 de
1597 412 1894 467 Villalpando,
1929 412 2063 454 Fran-

268 478 408 519 ciscus
443 477 671 527 Costerus‚
706 476 961 532 Alphonsus
995 476 1205 527 Pisanus,
1241 477 1495 531 Alphonsus
1530 478 1781 529 Salmemn,
1815 478 2064 520 Fridericus

269 543 522 598 Staphylus,
557 543 822 585 Laurentius
857 543 1021 593 Surius,
1057 543 1354 597 Hieronymus
1388 543 1631 595 Torrensis,
1666 544 1753 588 alii.

388 610 441 652 V.
476 609 567 659 Quo
601 612 749 652 autem
782 609 962 664 propius
996 609 1052 651 ad
1084 623 1168 659 res,
1205 623 1317 663 quae
1349 608 1393 650 in
1426 609 1493 651 his
1525 610 1724 664 epistulis
1748 609 2064 653 monumentis-

269 689 351 729 que
386 678 502 726 sunt,
538 675 737 725 accedas,
773 689 923 717 earum
951 689 1214 717 summam
1248 675 1318 717 1110
1351 689 1571 729 propono;
1607 690 1837 727 summam,
1871 675 2063 729 inquam,

269 756 364 784 eam
389 743 538 784 tamen
563 741 872 796 copiosior-enm
907 741 1010 782 novi
1044 741 1171 791 enim,
1208 744 1253 784 et
1286 755 1383 783 cum
1419 741 1569 784 dolore
1602 742 1716 793 novi,
1756 756 1919 797 paucos
1952 756 2063 792 esse,

269 807 341 862 qui
384 808 575 862 amplum
619 808 734 849 hunc
777 807 1066 861 epistularum
1110 807 1285 849 hortum
1328 807 1601 861 perlustrare
1643 808 1815 863 possint
1848 808 1976 850 simul
2020 810 2065 850 et

269 874 426 924 velint3
461 873 642 927 reliquis
675 874 833 916 saltem
867 873 911 914 in
944 873 1025 915 hoc
1058 872 1174 915 horti
1207 873 1390 916 introitu
1423 873 1554 915 flores
1588 874 1758 928 aliquot
1790 874 2062 928 fructusque,

271 954 327 982 ex
361 940 517 993 quibus
550 939 665 982 horti
701 942 878 993 gustum
912 939 1102 992 aliquem
1137 939 1329 994 capiant,
1367 939 1514 982 offero.

393 1017 423 1051 1.
450 1016 631 1050 Volumen
659 1016 703 1050 ab
740 1028 780 1050 eo
807 1027 900 1050 anno
928 1015 1075 1061 incipit,
1112 1015 1173 1060 qui
1202 1015 1424 1050 Concilio
1460 1016 1736 1051 tridentino
1762 1016 1914 1050 ultimus
1942 1017 1997 1057 et,
2033 1015 2064 1050 si

270 1082 339 1104 non
366 1071 524 1105 omnium
552 1070 805 1114 gravissimus,
834 1073 932 1104 certe
960 1081 1005 1104 ex
1031 1069 1263 1114 gravissimis
1290 1070 1361 1104 fuit
1387 1071 1430 1104 ob
1457 1082 1588 1111 rerum,
1617 1082 1709 1114 quae
1728 1070 1949 1105 constitutae
1967 1072 2064 1110 sunt,

269 1125 343 1158 vim
371 1127 408 1159 et
433 1124 716 1159 multitudinem.
760 1124 937 1158 infaustis
965 1123 1140 1168 auspiciis
1167 1135 1283 1158 annus
1314 1124 1404 1158 1563
1429 1124 1595 1159 Tridenti
1621 1124 1881 1159 incohabatur:
1908 1124 1998 1158 Post
2015 1135 2064 1158 in.

270 1178 519 1224 Septembrem
547 1190 579 1213 a.
611 1179 702 1213 1562
728 1178 843 1213 sessio
879 1178 1026 1223 publica
1061 1177 1186 1212 haberi
1214 1190 1283 1211 non
1320 1180 1501 1223 potuerat.
1552 1178 1696 1213 Acriter
1731 1178 1985 1224 disputabatur
2021 1177 2065 1212 de

274 1232 492 1275 „residentia
511 1233 782 1278 episcoporum“
799 1246 805 1273 ;
834 1231 907 1273 alii,
934 1234 975 1266 ut
994 1243 1071 1266 eam
1096 1232 1205 1275 „iuris
1225 1232 1358 1266 divini“
1382 1244 1461 1267 esse
1481 1232 1704 1272 definiretur,
1724 1232 1927 1273 instabant;
1948 1231 2009 1266 alii
2029 1231 2065 1266 id

269 1287 444 1332 impedire
470 1287 667 1321 studebant
696 1286 746 1330 (V.
774 1287 870 1320 infra
896 1299 929 1331 p.
950 1287 970 1321 9
1000 1286 1043 1320 18
1076 1286 1144 1320 160
1163 1286 1262 1329 291).
1307 1287 1434 1320 111νο111
1454 1286 1652 1321 Cracoviae
1680 1287 1714 1321 in
1742 1286 1961 1321 bibliotheca
1987 1285 2064 1320 uni-

272 1342 462 1376 versitatis
477 1341 716 1384 iagellonicae
732 1341 822 1375 duas
835 1340 1012 1385 epistulas
1024 1352 1044 1374 a
1057 1339 1238 1374 Stanislao
1251 1340 1435 1375 cardinale
1452 1341 1573 1383 Hosio,
1588 1353 1658 1375 uno
1674 1353 1719 1375 ex
1731 1341 1873 1376 concilii
1889 1339 2060 1384 ,10311115ιι

270 1395 347 1429 51νο
375 1395 614 1441 praesidibus,
642 1395 710 1429 hoc
735 1397 898 1439 tempore
926 1394 970 1428 ad
992 1394 1175 1428 Canisiuin
1206 1395 1310 1429 datas
1332 1395 1518 1439 (63—73),
1548 1395 1680 1439 quibus
1699 1395 1766 1429 hae
1786 1395 1952 1439 aliaeque
1971 1393 2065 1428 diffi-

273 1449 430 1483 cultates
467 1449 571 1494 quasi
600 1449 858 1494 depinguntur.
910 1448 1082 1491 Queritur
1108 1448 1262 1488 Hosius,
1301 1448 1335 1482 in
1362 1449 1440 1494 ipso
1468 1449 1618 1484 concilio
1646 1450 1898 1484 auctoritatem
1926 1448 2066 1483 romani

271 1503 451 1549 pontificis
478 1503 661 1541 imminui:
691 1515 770 1537 esse
790 1503 851 1547 qui
878 1514 1008 1547 papam
1029 1514 1092 1547 per
1113 1502 1230 1547 ipsum
1250 1503 1442 1537 concilium
1462 1503 1651 1537 reformari
1671 1503 1787 1538 velint
1806 1506 1841 1537 et
1862 1501 2066 1538 cardinales

272 1557 459 1602 praesides
485 1557 763 1603 reprehendant,
792 1557 886 1601 quod
915 1557 958 1590 de
985 1556 1129 1590 concilii
1155 1557 1313 1600 negotiis
1341 1557 1548 1602 pontificem
1575 1569 1684 1603 saepe
1703 1557 1906 1592 consulant.
1950 1555 2067 1591 Gallis

272 1612 509 1657 displicebat,
546 1612 639 1656 quod
677 1611 865 1657 praesides
892 1622 1023 1655 corpus
1060 1610 1149 1644 illud
1181 1611 1438 1653 „articulorum
1465 1611 1754 1646 reformationis“
1786 1611 1866 1646 sive
1893 1611 2066 1656 capitum,

272 1666 308 1700 in
345 1666 475 1710 quibus
503 1665 695 1700 ecclesiam
722 1665 882 1699 maxime
909 1665 1179 1699 reformandam
1206 1676 1287 1699 esse
1323 1665 1393 1710 ipsi
1421 1666 1638 1707 censebant,
1677 1665 1827 1700 concilio
1854 1676 1970 1709 neque
1997 1663 2066 1709 ipsi

272 1723 515 1765 proponerent
549 1732 665 1764 neque
702 1732 766 1765 per
792 1719 981 1764 episcopos
1009 1718 1067 1753 vel
1105 1730 1169 1763 per
1196 1721 1360 1753 oratores
1387 1720 1507 1762 regios
1535 1720 1684 1765 proponi
1712 1719 1967 1765 permitterent
2004 1718 2067 1761 (16

273 1775 349 1814 34).
402 1774 652 1808 Ferdinandus
680 1774 706 1808 I.
734 1774 932 1818 imperator
959 1773 1199 1817 querebatur,
1236 1773 1303 1807 sibi
1331 1774 1488 1808 similem
1515 1785 1535 1808 a
1562 1774 1696 1818 legatis
1723 1774 1849 1808 inferri
1876 1772 2065 1813 iniu1·iam;

272 1840 355 1863 nam
395 1828 472 1873 ipse
509 1840 650 1873 quoque
683 1827 863 1871 „libellum
901 1826 1192 1862 reformationis“
1223 1827 1436 1862 Tridentum
1472 1828 1645 1869 miserat;
1686 1828 1720 1861 in
1761 1839 1830 1872 quo
1867 1827 1937 1861 alia
1967 1827 2067 1861 recte

274 1883 566 1928 postulabantur,
594 1883 667 1916 alia
685 1882 805 1916 minus
832 1882 922 1916 bene
941 1881 1156 1915 dicebantur
1174 1881 1233 1915 vel
1254 1881 1360 1915 etiam
1382 1894 1402 1916 a
1422 1893 1510 1916 sana
1530 1882 1592 1916 illa
1611 1881 1780 1926 iustaque
1799 1882 2067 1921 reformatione,

274 1948 346 1982 qua
372 1937 527 1971 ecclesia
555 1936 752 1980 indigebat,
782 1936 887 1969 valde
916 1938 1021 1969 erant
1047 1935 1166 1969 aliena
1197 1936 1259 1979 (50
1287 1936 1429 1971 57—60
1458 1936 1630 1979 79—*0).
1675 1936 1749 1970 Iam
1777 1936 1984 1977 timebatur,
2011 1947 2067 1977 ne,

273 1991 454 2036 episcopis
480 2003 544 2036 per
572 1990 754 2036 principes
781 1990 965 2031 avocatis,
1004 1990 1214 2031 concilium,
1251 2002 1289 2024 re
1316 1990 1452 2024 infecta
1479 1992 1515 2024 et
1541 1990 1829 2036 protestantibus
1856 1990 2068 2031 ridentibus,

273 2045 490 2087 solveretur,
518 2057 609 2079 neve
628 2045 664 2078 in
684 2045 761 2079 eius
780 2044 897 2078 locum
917 2044 1046 2089 synodi
1070 2043 1312 2087 „nationales“
1336 2044 1658 2084 substituerentur,
1677 2043 1808 2088 quibus
1827 2043 1922 2078 mala
1941 2043 2067 2089 ampli-

275 2100 490 2138 ficarentur,
516 2111 586 2133 non
613 2099 829 2133 tollerentur
859 2098 1046 2142 (Ta—77).
1100 2097 1200 2139 Quod
1229 2110 1273 2132 ne
1300 2098 1423 2140 fieret,
1460 2098 1711 2132 Ferdinandus
1742 2098 1940 2143 imperator
1966 2097 2069 2132 initio

275 2166 306 2188 a.
337 2154 427 2188 1563
456 2153 694 2198 Oenipontem
723 2152 844 2197 venit,
881 2164 951 2196 quo
988 2151 1134 2186 facilius
1161 2164 1205 2185 ex
1234 2163 1276 2186 ea
1303 2152 1391 2186 urbe
1418 2152 1495 2186 sedi
1533 2151 1674 2187 concilii
1703 2152 1823 2186 vicina
1853 2164 1912 2187 res
1938 2151 2066 2197 synodi

276 2210 311 2242 et
339 2210 575 2251 cognosceret
602 2210 647 2249 et,
675 2209 715 2241 ut
742 2207 818 2251 ipse
839 2206 996 2246 volebat,
1024 2206 1293 2247 moderaretur;
1321 2206 1445 2240 eodem
1466 2207 1607 2241 consilii
1631 2206 1795 2251 capiendi
1823 2206 1941 2250 gratia
1968 2205 2068 2240 theo-

276 2262 378 2306 logos
405 2262 592 2305 quosdam,
621 2264 731 2305 atquc
754 2260 848 2294 inter
867 2260 932 2294 hos
952 2259 1150 2299 Canisium,
1177 2260 1381 2294 arcessivit.
1426 2260 1629 2294 Videbatur
1648 2260 1791 2304 quidem
1811 2259 1879 2293 sibi
1900 2259 2069 2294 Canisius

276 2316 321 2350 ad
350 2316 438 2350 haec
466 2328 591 2361 parum
620 2315 788 2354 idoneus;
819 2317 980 2349 attamen
1009 2314 1042 2348 id
1070 2314 1262 2355 sentiebat,
1292 2315 1384 2358 quod
1413 2314 1520 2360 paulo
1541 2317 1621 2360 post
1652 2314 1708 2348 his
1727 2313 1849 2348 verbis
1868 2313 2067 2359 expressit:

281 2370 407 2412 „Absit
442 2373 482 2404 ut
516 2370 546 2404 si
581 2369 706 2403 iuuare
742 2368 896 2413 possim,
935 2368 1068 2402 Christi
1107 2371 1141 2402 et
1170 2367 1353 2402 Ecclesiae
1391 2379 1536 2402 causam
1571 2369 1735 2402 deseram
1761 2367 1818 2401 his
1844 2367 2070 2413 temporibus

277 2436 361 2458 uere
395 2423 629 2458 miserandis'‘
664 2423 778 2465 (200).
832 2422 908 2464 Quo
944 2425 1066 2456 tamen
1104 2422 1238 2456 certius
1274 2422 1394 2456 officio
1430 2422 1680 2463 satisfaceret,
1721 2421 1889 2466 precibus
1925 2421 2068 2456 iteratis

280 2478 328 2518 (id
366 2478 459 2522 quod
487 2478 596 2511 etiam
624 2476 818 2511 Zacharias
848 2476 1069 2521 Delphinus,
1107 2476 1329 2520 apostolicus
1355 2476 1450 2521 apud
1479 2487 1662 2510 caesarem
1690 2475 1858 2516 nuntius,
1896 2476 2068 2521 petierat)

278 2532 508 2577 impetravit,
546 2534 585 2565 ut
614 2531 651 2565 Ρ.
682 2530 926 2574 Hieronymus
954 2529 1097 2564 Natalis
1124 2530 1157 2564 S.
1188 2530 1221 2564 J.
1250 2530 1305 2563 vii·
1332 2529 1638 2574 prudentissimus
1664 2541 1684 2563 a
1712 2529 1835 2563 Lainio
1863 2529 2070 2574 praeposito

278 2586 439 2629 generali
466 2585 638 2619 Tridento
666 2584 905 2629 Oenipontem
934 2583 1073 2617 consilii
1111 2583 1307 2628 praebendi
1340 2584 1479 2626 gratia,
1516 2586 1656 2617 secreto
1683 2586 1824 2624 tamen,
1862 2584 2069 2618 mitteretur

281 2641 341 2683 (45
368 2641 410 2675 51
442 2640 539 2682 953).
589 2638 794 2682 theologis,
823 2638 884 2682 qui
912 2640 998 2671 tunc
1025 2649 1173 2671 numero
1202 2639 1374 2681 quattuor
1401 2639 1513 2677 crant,
1542 2649 1561 2671 a
1589 2649 1736 2671 caesare
1763 2638 1996 2682 quaestiones
2025 2638 2067 2672 17

279 2706 413 2738 eaeque
442 2694 547 2728 valde
575 2693 743 2727 difficiles
772 2693 871 2735 (58),
900 2692 943 2725 ad
972 2703 1062 2735 quas
1089 2690 1223 2734 singuli
1253 2691 1403 2725 seorsim
1433 2691 1711 2736 respmidercnt,
1740 2691 1944 2736 propositae
1970 2693 2068 2726 50111.

281 2750 331 2781 Ac
359 2748 466 2781 trium
504 2747 753 2790 theologorum
781 2758 955 2791 responsa
983 2758 1003 2779 a
1037 2746 1219 2778 Theodoro
1247 2746 1363 2779 Sic-lrel
1390 2744 1446 2779 vel
1488 2745 1630 2788 integra
1657 2744 1715 2779 vel
1754 2745 1788 2779 in
1817 2744 2066 2788 compendium

279 2802 423 2835 redacta
456 2802 555 2846 typis
585 2801 760 2845 evulgata
787 2802 891 2835 sunt:
926 2799 1060 2834 Canisii
1090 2811 1302 2844 responsum
1332 2798 1503 2833 omissum
1533 2802 1599 2841 est,
1631 2799 1724 2843 qnod
1753 2799 1822 2833 iam
1852 2799 1942 2833 satis
1971 2802 2071 2834 esset

282 2859 414 2889 11010111.
461 2856 528 2889 Sed
559 2875 599 2879 —
630 2854 736 2888 venia
763 2854 956 2888 clarissimi
986 2853 1053 2887 viri
1081 2872 1127 2876 —
1154 2856 1278 2887 notum
1307 2855 1447 2886 tantum
1476 2855 1554 2887 erat
1582 2853 1785 2887 litterarum
1814 2852 1949 2887 Canisii
1975 2864 2068 2887 com·

281 2909 447 2952 pendium
476 2909 640 2953 aliquod,
678 2909 721 2942 ab
751 2908 841 2941 Italo
878 2908 1052 2952 quodam,
1091 2919 1153 2952 per
1189 2919 1294 2951 (1110111
1325 2907 1492 2941 Canisius
1521 2906 1553 2940 in
1587 2906 1809 2950 longissimis
1836 2906 1908 2940 illis
1936 2906 2069 2940 litteris

281 2962 549 2996 conscribendis
578 2962 632 2995 vel
664 2962 783 3006 potius
810 2961 1068 2995 adumbrandis
1095 2961 1240 2995 adiutus
1269 2964 1365 3001 erat,
1403 2973 1448 2994 cx
1476 2961 1647 2994 memoria
1677 2972 1810 3004 eaque,
1839 2962 1879 2994 ut
1904 2959 1962 2993 hic
1990 2961 2068 3004 ipse

281 3016 379 3054 dicit,
406 3016 501 3049 mala
529 3016 794 3060 conscriptum:
825 3016 857 3049 in
886 3027 956 3059 quo
984 3015 1099 3048 multa
1125 3015 1263 3054 deesse,
1291 3014 1363 3048 alia
1389 3014 1433 3048 ab
1462 3014 1516 3054 iis,
1544 3026 1637 3058 quae
1665 3014 1832 3048 Canisius
1859 3014 2067 3058 imperatori

280 3069 478 3113 rescripsit,
506 3069 710 3113 discrepare
740 3069 964 3112 intellegitur
991 3081 1035 3102 ex
1056 3069 1189 3103 Uanisii
1218 3080 1391 3112 responso
1418 3067 1629 3112 archetypo,
1657 3067 1749 3112 quod
1771 3067 2004 3102 vindobonae
2031 3067 2067 3101 in

280 3122 430 3157 archivo
457 3122 561 3157 aula(¹
589 3135 779 3156 caesareae
807 3126 1029 3157 asservatur.
1083 3123 1187 3157 Edita
1215 3125 1300 3157 sunt
1327 3122 1523 3157 novissime
1551 3122 1619 3156 duo
1647 3121 1765 3167 capita
1791 3132 1904 3165 eaque
1933 3120 2067 3162 brevia,
