<?xml version="1.0" encoding="UTF-8"?>
<!DOCTYPE html PUBLIC "-//W3C//DTD XHTML 1.0 Transitional//EN"
    "http://www.w3.org/TR/xhtml1/DTD/xhtml1-transitional.dtd">
<html xmlns="http://www.w3.org/1999/xhtml" xml:lang="en" lang="en">
 <head>
  <title>
</title>
<meta http-equiv="Content-Type" content="text/html;charset=utf-8" />
  <meta name='ocr-system' content='tesseract 3.04.00' />
  <meta name='ocr-capabilities' content='ocr_page ocr_carea ocr_par ocr_line ocrx_word'/>
</head>
<body>
  <div class='ocr_page' id='page_1' title='image "beatipetricanisi04cani_0042.png"; bbox 0 0 2182 3339; ppageno 0'>
   <div class='ocr_carea' id='block_1_1' title="bbox 230 73 1478 118">
    <p class='ocr_par' dir='ltr' id='par_1_1' title="bbox 230 73 1478 118">
     <span class='ocr_line' id='line_1_1' title="bbox 230 73 1478 118; baseline 0.002 -12"><span class='ocrx_word' id='word_1_1' title='bbox 230 88 380 117; x_wconf 74' lang='lat' dir='ltr'>XXXIV</span> <span class='ocrx_word' id='word_1_2' title='bbox 785 73 829 107; x_wconf 88' lang='lat' dir='ltr'>II.</span> <span class='ocrx_word' id='word_1_3' title='bbox 868 73 1094 107; x_wconf 83' lang='lat' dir='ltr'>Prooemium</span> <span class='ocrx_word' id='word_1_4' title='bbox 1125 73 1320 107; x_wconf 88' lang='lat' dir='ltr'>voluminis</span> <span class='ocrx_word' id='word_1_5' title='bbox 1347 74 1478 118; x_wconf 81' lang='lat' dir='ltr'>quarti.</span> 
     </span>
    </p>
   </div>
   <div class='ocr_carea' id='block_1_2' title="bbox 231 191 2041 3161">
    <p class='ocr_par' dir='ltr' id='par_1_2' title="bbox 231 191 2041 2622">
     <span class='ocr_line' id='line_1_2' title="bbox 233 191 2028 236; baseline 0.002 -11"><span class='ocrx_word' id='word_1_6' title='bbox 233 191 318 235; x_wconf 92' lang='lat'>(677</span> <span class='ocrx_word' id='word_1_7' title='bbox 335 191 433 234; x_wconf 81' lang='grc'>892),</span> <span class='ocrx_word' id='word_1_8' title='bbox 461 191 497 226; x_wconf 85' lang='grc'>111</span> <span class='ocrx_word' id='word_1_9' title='bbox 517 192 672 226; x_wconf 84' lang='lat' dir='ltr'>ecclesia</span> <span class='ocrx_word' id='word_1_10' title='bbox 692 192 903 234; x_wconf 85' lang='lat' dir='ltr'>cathedrali,</span> <span class='ocrx_word' id='word_1_11' title='bbox 932 203 1012 226; x_wconf 89' lang='lat' dir='ltr'>cum</span> <span class='ocrx_word' id='word_1_12' title='bbox 1033 191 1197 227; x_wconf 77' lang='lat' dir='ltr'>Societas</span> <span class='ocrx_word' id='word_1_13' title='bbox 1215 193 1353 227; x_wconf 87' lang='lat' dir='ltr'>nullam</span> <span class='ocrx_word' id='word_1_14' title='bbox 1381 193 1533 228; x_wconf 88' lang='lat' dir='ltr'>haberet</span> <span class='ocrx_word' id='word_1_15' title='bbox 1551 194 1676 228; x_wconf 85' lang='lat' dir='ltr'>aedem</span> <span class='ocrx_word' id='word_1_16' title='bbox 1696 206 1849 236; x_wconf 85' lang='lat' dir='ltr'>sacram,</span> <span class='ocrx_word' id='word_1_17' title='bbox 1869 194 2028 229; x_wconf 85' lang='lat' dir='ltr'>fidelium</span> 
     </span>
     <span class='ocr_line' id='line_1_3' title="bbox 232 245 2033 294; baseline 0.002 -15"><span class='ocrx_word' id='word_1_18' title='bbox 232 245 480 280; x_wconf 87' lang='lat' dir='ltr'>confessiones</span> <span class='ocrx_word' id='word_1_19' title='bbox 499 246 733 291; x_wconf 70' lang='lat' dir='ltr'>excipiebant</span> <span class='ocrx_word' id='word_1_20' title='bbox 757 246 874 290; x_wconf 87' lang='lat' dir='ltr'>iisque</span> <span class='ocrx_word' id='word_1_21' title='bbox 893 257 1035 280; x_wconf 86' lang='lat' dir='ltr'>sacram</span> <span class='ocrx_word' id='word_1_22' title='bbox 1056 246 1316 281; x_wconf 80' lang='lat' dir='ltr'>eucharistiam</span> <span class='ocrx_word' id='word_1_23' title='bbox 1336 247 1580 292; x_wconf 71' lang='lat' dir='ltr'>praebebant;</span> <span class='ocrx_word' id='word_1_24' title='bbox 1608 250 1742 283; x_wconf 86' lang='lat' dir='ltr'>missae</span> <span class='ocrx_word' id='word_1_25' title='bbox 1761 261 1904 294; x_wconf 89' lang='lat' dir='ltr'>quoque</span> <span class='ocrx_word' id='word_1_26' title='bbox 1923 250 2033 283; x_wconf 85' lang='lat' dir='ltr'>sacri-</span> 
     </span>
     <span class='ocr_line' id='line_1_4' title="bbox 231 299 2030 348; baseline 0.001 -15"><span class='ocrx_word' id='word_1_27' title='bbox 231 299 352 333; x_wconf 88' lang='lat' dir='ltr'>ficium</span> <span class='ocrx_word' id='word_1_28' title='bbox 382 300 513 334; x_wconf 82' lang='lat' dir='ltr'>ibidem</span> <span class='ocrx_word' id='word_1_29' title='bbox 539 300 761 341; x_wconf 83' lang='lat' dir='ltr'>offerebant;</span> <span class='ocrx_word' id='word_1_30' title='bbox 790 301 822 334; x_wconf 88' lang='lat' dir='ltr'>id</span> <span class='ocrx_word' id='word_1_31' title='bbox 843 301 937 344; x_wconf 84' lang='lat' dir='ltr'>quod</span> <span class='ocrx_word' id='word_1_32' title='bbox 957 301 1033 334; x_wconf 85' lang='lat' dir='ltr'>fere</span> <span class='ocrx_word' id='word_1_33' title='bbox 1052 301 1266 335; x_wconf 78' lang='lat' dir='ltr'>certioribus</span> <span class='ocrx_word' id='word_1_34' title='bbox 1287 303 1321 335; x_wconf 92' lang='lat' dir='ltr'>et</span> <span class='ocrx_word' id='word_1_35' title='bbox 1341 302 1642 336; x_wconf 86' lang='lat' dir='ltr'>commodioribus</span> <span class='ocrx_word' id='word_1_36' title='bbox 1661 304 1895 348; x_wconf 76' lang='lat' dir='ltr'>temporibus,</span> <span class='ocrx_word' id='word_1_37' title='bbox 1923 315 2030 348; x_wconf 74' lang='lat' dir='ltr'>quani</span> 
     </span>
     <span class='ocr_line' id='line_1_5' title="bbox 231 353 2032 403; baseline 0.002 -16"><span class='ocrx_word' id='word_1_38' title='bbox 231 353 293 388; x_wconf 88' lang='lat' dir='ltr'>alii</span> <span class='ocrx_word' id='word_1_39' title='bbox 328 353 427 388; x_wconf 83' lang='lat' dir='ltr'>illius</span> <span class='ocrx_word' id='word_1_40' title='bbox 464 353 640 388; x_wconf 86' lang='lat' dir='ltr'>ecclesiae</span> <span class='ocrx_word' id='word_1_41' title='bbox 676 355 904 395; x_wconf 71' lang='lat' dir='ltr'>sacerdotes,</span> <span class='ocrx_word' id='word_1_42' title='bbox 942 356 1063 390; x_wconf 86' lang='lat' dir='ltr'>facere</span> <span class='ocrx_word' id='word_1_43' title='bbox 1097 355 1264 390; x_wconf 87' lang='lat' dir='ltr'>solebant</span> <span class='ocrx_word' id='word_1_44' title='bbox 1293 356 1408 399; x_wconf 88' lang='lat'>(557).</span> <span class='ocrx_word' id='word_1_45' title='bbox 1453 355 1629 401; x_wconf 84' lang='lat' dir='ltr'>Tempore</span> <span class='ocrx_word' id='word_1_46' title='bbox 1665 356 1779 400; x_wconf 82' lang='lat' dir='ltr'>igitur</span> <span class='ocrx_word' id='word_1_47' title='bbox 1814 358 2032 403; x_wconf 84' lang='lat' dir='ltr'>procedente</span> 
     </span>
     <span class='ocr_line' id='line_1_6' title="bbox 233 407 2031 456; baseline 0.002 -15"><span class='ocrx_word' id='word_1_48' title='bbox 233 419 405 442; x_wconf 88' lang='lat' dir='ltr'>numerus</span> <span class='ocrx_word' id='word_1_49' title='bbox 442 407 626 442; x_wconf 87' lang='lat' dir='ltr'>hominum</span> <span class='ocrx_word' id='word_1_50' title='bbox 655 407 771 442; x_wconf 83' lang='lat' dir='ltr'>Sociis</span> <span class='ocrx_word' id='word_1_51' title='bbox 797 411 951 454; x_wconf 85' lang='lat' dir='ltr'>peccata</span> <span class='ocrx_word' id='word_1_52' title='bbox 977 410 1248 449; x_wconf 82' lang='lat' dir='ltr'>confitentium,</span> <span class='ocrx_word' id='word_1_53' title='bbox 1286 421 1408 444; x_wconf 90' lang='lat' dir='ltr'>eorum</span> <span class='ocrx_word' id='word_1_54' title='bbox 1437 410 1552 444; x_wconf 86' lang='lat' dir='ltr'>sacris</span> <span class='ocrx_word' id='word_1_55' title='bbox 1580 411 1802 452; x_wconf 85' lang='lat' dir='ltr'>astantium,</span> <span class='ocrx_word' id='word_1_56' title='bbox 1837 412 1970 456; x_wconf 85' lang='lat' dir='ltr'>stipem</span> <span class='ocrx_word' id='word_1_57' title='bbox 1996 411 2031 445; x_wconf 90' lang='lat' dir='ltr'>in</span> 
     </span>
     <span class='ocr_line' id='line_1_7' title="bbox 234 461 2033 509; baseline 0.003 -14"><span class='ocrx_word' id='word_1_58' title='bbox 234 473 357 496; x_wconf 90' lang='lat' dir='ltr'>eorum</span> <span class='ocrx_word' id='word_1_59' title='bbox 385 461 492 496; x_wconf 87' lang='lat' dir='ltr'>altari</span> <span class='ocrx_word' id='word_1_60' title='bbox 520 462 774 496; x_wconf 81' lang='lat' dir='ltr'>collocantium</span> <span class='ocrx_word' id='word_1_61' title='bbox 808 463 910 506; x_wconf 90' lang='lat'>(679)</span> <span class='ocrx_word' id='word_1_62' title='bbox 939 464 1145 508; x_wconf 76' lang='lat' dir='ltr'>augebatur</span> <span class='ocrx_word' id='word_1_63' title='bbox 1173 464 1258 507; x_wconf 67' lang='lat'>(804</span> <span class='ocrx_word' id='word_1_64' title='bbox 1286 463 1355 499; x_wconf 87' lang='lat'>808</span> <span class='ocrx_word' id='word_1_65' title='bbox 1383 463 1483 506; x_wconf 90' lang='lat'>810).</span> <span class='ocrx_word' id='word_1_66' title='bbox 1528 463 1629 498; x_wconf 88' lang='lat' dir='ltr'>Haec</span> <span class='ocrx_word' id='word_1_67' title='bbox 1647 464 1791 509; x_wconf 84' lang='lat' dir='ltr'>aliquos</span> <span class='ocrx_word' id='word_1_68' title='bbox 1818 466 1861 500; x_wconf 90' lang='lat' dir='ltr'>de</span> <span class='ocrx_word' id='word_1_69' title='bbox 1881 466 1978 500; x_wconf 90' lang='lat' dir='ltr'>clero</span> <span class='ocrx_word' id='word_1_70' title='bbox 1996 468 2033 499; x_wconf 89' lang='lat' dir='ltr'>et</span> 
     </span>
     <span class='ocr_line' id='line_1_8' title="bbox 234 517 2032 565; baseline 0.003 -16"><span class='ocrx_word' id='word_1_71' title='bbox 234 517 392 550; x_wconf 81' lang='lat' dir='ltr'>maxime</span> <span class='ocrx_word' id='word_1_72' title='bbox 419 517 615 560; x_wconf 87' lang='lat' dir='ltr'>parochuin</span> <span class='ocrx_word' id='word_1_73' title='bbox 644 517 688 550; x_wconf 87' lang='lat' dir='ltr'>ad</span> <span class='ocrx_word' id='word_1_74' title='bbox 717 517 891 551; x_wconf 88' lang='lat' dir='ltr'>invidiam</span> <span class='ocrx_word' id='word_1_75' title='bbox 921 518 1154 553; x_wconf 87' lang='lat' dir='ltr'>concitabant</span> <span class='ocrx_word' id='word_1_76' title='bbox 1184 518 1269 561; x_wconf 67' lang='lat'>(523</span> <span class='ocrx_word' id='word_1_77' title='bbox 1297 518 1395 561; x_wconf 85' lang='lat'>658).</span> <span class='ocrx_word' id='word_1_78' title='bbox 1449 518 1527 552; x_wconf 91' lang='lat' dir='ltr'>Hoc</span> <span class='ocrx_word' id='word_1_79' title='bbox 1554 531 1696 563; x_wconf 87' lang='lat' dir='ltr'>quoque</span> <span class='ocrx_word' id='word_1_80' title='bbox 1724 520 1929 565; x_wconf 85' lang='lat' dir='ltr'>complures</span> <span class='ocrx_word' id='word_1_81' title='bbox 1956 522 2032 554; x_wconf 90' lang='lat' dir='ltr'>tum</span> 
     </span>
     <span class='ocr_line' id='line_1_9' title="bbox 233 569 2033 618; baseline 0.003 -15"><span class='ocrx_word' id='word_1_82' title='bbox 233 569 474 604; x_wconf 83' lang='lat' dir='ltr'>ecclesiastici</span> <span class='ocrx_word' id='word_1_83' title='bbox 500 572 577 604; x_wconf 88' lang='lat' dir='ltr'>tum</span> <span class='ocrx_word' id='word_1_84' title='bbox 605 570 664 604; x_wconf 89' lang='lat' dir='ltr'>alii</span> <span class='ocrx_word' id='word_1_85' title='bbox 693 582 802 614; x_wconf 80' lang='lat' dir='ltr'>aegre</span> <span class='ocrx_word' id='word_1_86' title='bbox 830 570 1016 612; x_wconf 83' lang='lat' dir='ltr'>ferebant,</span> <span class='ocrx_word' id='word_1_87' title='bbox 1054 572 1148 616; x_wconf 88' lang='lat' dir='ltr'>quod</span> <span class='ocrx_word' id='word_1_88' title='bbox 1177 571 1290 612; x_wconf 82' lang='lat' dir='ltr'>Socii,</span> <span class='ocrx_word' id='word_1_89' title='bbox 1319 571 1481 615; x_wconf 78' lang='lat' dir='ltr'>generali</span> <span class='ocrx_word' id='word_1_90' title='bbox 1509 573 1666 617; x_wconf 87' lang='lat' dir='ltr'>quadam</span> <span class='ocrx_word' id='word_1_91' title='bbox 1693 576 1923 618; x_wconf 88' lang='lat' dir='ltr'>peccatorum</span> <span class='ocrx_word' id='word_1_92' title='bbox 1952 585 2033 608; x_wconf 89' lang='lat' dir='ltr'>con-</span> 
     </span>
     <span class='ocr_line' id='line_1_10' title="bbox 234 624 2035 665; baseline 0.003 -8"><span class='ocrx_word' id='word_1_93' title='bbox 234 624 392 658; x_wconf 81' lang='lat' dir='ltr'>fessione</span> <span class='ocrx_word' id='word_1_94' title='bbox 418 636 489 658; x_wconf 88' lang='lat' dir='ltr'>non</span> <span class='ocrx_word' id='word_1_95' title='bbox 517 624 695 665; x_wconf 89' lang='lat' dir='ltr'>contenti,</span> <span class='ocrx_word' id='word_1_96' title='bbox 724 625 887 660; x_wconf 86' lang='lat' dir='ltr'>homines</span> <span class='ocrx_word' id='word_1_97' title='bbox 915 626 1066 661; x_wconf 88' lang='lat' dir='ltr'>crimina</span> <span class='ocrx_word' id='word_1_98' title='bbox 1095 638 1140 660; x_wconf 85' lang='lat' dir='ltr'>ex</span> <span class='ocrx_word' id='word_1_99' title='bbox 1169 625 1305 661; x_wconf 88' lang='lat' dir='ltr'>Christi</span> <span class='ocrx_word' id='word_1_100' title='bbox 1332 626 1501 660; x_wconf 80' lang='lat' dir='ltr'>instituto</span> <span class='ocrx_word' id='word_1_101' title='bbox 1529 627 1700 662; x_wconf 89' lang='lat' dir='ltr'>distincte</span> <span class='ocrx_word' id='word_1_102' title='bbox 1727 628 1835 662; x_wconf 86' lang='lat' dir='ltr'>fateri</span> <span class='ocrx_word' id='word_1_103' title='bbox 1861 628 2035 662; x_wconf 87' lang='lat' dir='ltr'>iubebant</span> 
     </span>
     <span class='ocr_line' id='line_1_11' title="bbox 237 678 2035 726; baseline 0.003 -14"><span class='ocrx_word' id='word_1_104' title='bbox 237 678 361 721; x_wconf 80' lang='grc'>(562),</span> <span class='ocrx_word' id='word_1_105' title='bbox 399 680 434 712; x_wconf 91' lang='lat' dir='ltr'>et</span> <span class='ocrx_word' id='word_1_106' title='bbox 470 679 563 723; x_wconf 90' lang='lat' dir='ltr'>quod</span> <span class='ocrx_word' id='word_1_107' title='bbox 602 679 797 713; x_wconf 80' lang='lat' dir='ltr'>manifesta</span> <span class='ocrx_word' id='word_1_108' title='bbox 824 680 1039 714; x_wconf 88' lang='lat' dir='ltr'>clericorum</span> <span class='ocrx_word' id='word_1_109' title='bbox 1067 680 1158 715; x_wconf 86' lang='lat' dir='ltr'>vitia</span> <span class='ocrx_word' id='word_1_110' title='bbox 1194 680 1312 726; x_wconf 83' lang='lat' dir='ltr'>planis</span> <span class='ocrx_word' id='word_1_111' title='bbox 1340 680 1463 714; x_wconf 83' lang='lat' dir='ltr'>verbis</span> <span class='ocrx_word' id='word_1_112' title='bbox 1498 681 1753 726; x_wconf 86' lang='lat' dir='ltr'>improbabant</span> <span class='ocrx_word' id='word_1_113' title='bbox 1787 682 1902 726; x_wconf 89' lang='lat'>(559).</span> <span class='ocrx_word' id='word_1_114' title='bbox 1955 682 2035 716; x_wconf 87' lang='lat' dir='ltr'>Dis-</span> 
     </span>
     <span class='ocr_line' id='line_1_12' title="bbox 237 732 2036 780; baseline 0.003 -14"><span class='ocrx_word' id='word_1_115' title='bbox 237 732 394 777; x_wconf 88' lang='lat' dir='ltr'>plicebat</span> <span class='ocrx_word' id='word_1_116' title='bbox 421 734 552 775; x_wconf 85' lang='lat' dir='ltr'>etiam,</span> <span class='ocrx_word' id='word_1_117' title='bbox 588 734 682 778; x_wconf 90' lang='lat' dir='ltr'>quod</span> <span class='ocrx_word' id='word_1_118' title='bbox 710 733 821 778; x_wconf 88' lang='lat' dir='ltr'>aliqui</span> <span class='ocrx_word' id='word_1_119' title='bbox 850 746 895 768; x_wconf 83' lang='lat' dir='ltr'>ex</span> <span class='ocrx_word' id='word_1_120' title='bbox 922 734 985 776; x_wconf 91' lang='lat' dir='ltr'>iis,</span> <span class='ocrx_word' id='word_1_121' title='bbox 1022 735 1084 779; x_wconf 88' lang='lat' dir='ltr'>qui</span> <span class='ocrx_word' id='word_1_122' title='bbox 1111 747 1150 769; x_wconf 89' lang='lat' dir='ltr'>se</span> <span class='ocrx_word' id='word_1_123' title='bbox 1178 734 1292 769; x_wconf 84' lang='lat' dir='ltr'>Sociis</span> <span class='ocrx_word' id='word_1_124' title='bbox 1320 734 1356 768; x_wconf 91' lang='lat' dir='ltr'>in</span> <span class='ocrx_word' id='word_1_125' title='bbox 1384 734 1613 780; x_wconf 74' lang='lat' dir='ltr'>disciplinam</span> <span class='ocrx_word' id='word_1_126' title='bbox 1641 737 1886 777; x_wconf 74' lang='lat' dir='ltr'>tradiderant,</span> <span class='ocrx_word' id='word_1_127' title='bbox 1913 748 2036 771; x_wconf 88' lang='lat' dir='ltr'>sacra-</span> 
     </span>
     <span class='ocr_line' id='line_1_13' title="bbox 235 787 2034 836; baseline 0.002 -15"><span class='ocrx_word' id='word_1_128' title='bbox 235 789 358 821; x_wconf 87' lang='lat' dir='ltr'>menta</span> <span class='ocrx_word' id='word_1_129' title='bbox 384 787 538 821; x_wconf 85' lang='lat' dir='ltr'>multum</span> <span class='ocrx_word' id='word_1_130' title='bbox 575 788 861 832; x_wconf 76' lang='lat' dir='ltr'>frequentabant</span> <span class='ocrx_word' id='word_1_131' title='bbox 891 788 974 831; x_wconf 79' lang='lat'>(523</span> <span class='ocrx_word' id='word_1_132' title='bbox 1010 790 1077 823; x_wconf 90' lang='lat'>557</span> <span class='ocrx_word' id='word_1_133' title='bbox 1106 789 1175 823; x_wconf 79' lang='lat'>658</span> <span class='ocrx_word' id='word_1_134' title='bbox 1203 789 1311 831; x_wconf 86' lang='lat'>816),</span> <span class='ocrx_word' id='word_1_135' title='bbox 1349 788 1544 833; x_wconf 87' lang='lat' dir='ltr'>plurimum</span> <span class='ocrx_word' id='word_1_136' title='bbox 1573 790 1725 824; x_wconf 85' lang='lat' dir='ltr'>orabant</span> <span class='ocrx_word' id='word_1_137' title='bbox 1754 791 1876 834; x_wconf 84' lang='lat'>(804),</span> <span class='ocrx_word' id='word_1_138' title='bbox 1913 790 2034 836; x_wconf 88' lang='lat' dir='ltr'>paeni-</span> 
     </span>
     <span class='ocr_line' id='line_1_14' title="bbox 236 841 2034 887; baseline 0.002 -12"><span class='ocrx_word' id='word_1_139' title='bbox 236 841 372 875; x_wconf 81' lang='lat' dir='ltr'>tentiae</span> <span class='ocrx_word' id='word_1_140' title='bbox 409 853 517 886; x_wconf 88' lang='lat' dir='ltr'>opera</span> <span class='ocrx_word' id='word_1_141' title='bbox 544 843 765 876; x_wconf 86' lang='lat' dir='ltr'>exercebant</span> <span class='ocrx_word' id='word_1_142' title='bbox 806 843 1053 886; x_wconf 77' lang='lat'>(800—813);</span> <span class='ocrx_word' id='word_1_143' title='bbox 1090 845 1194 877; x_wconf 82' lang='lat' dir='ltr'>erant</span> <span class='ocrx_word' id='word_1_144' title='bbox 1229 843 1290 887; x_wconf 91' lang='lat' dir='ltr'>qui</span> <span class='ocrx_word' id='word_1_145' title='bbox 1327 855 1459 877; x_wconf 88' lang='lat' dir='ltr'>novam</span> <span class='ocrx_word' id='word_1_146' title='bbox 1500 847 1656 886; x_wconf 83' lang='lat' dir='ltr'>„sectam</span> <span class='ocrx_word' id='word_1_147' title='bbox 1693 845 1918 879; x_wconf 66' lang='lat' dir='ltr'>iesuiticam‘*</span> <span class='ocrx_word' id='word_1_148' title='bbox 1949 844 2034 879; x_wconf 83' lang='lat' dir='ltr'>oriri</span> 
     </span>
     <span class='ocr_line' id='line_1_15' title="bbox 236 895 2034 942; baseline 0.003 -13"><span class='ocrx_word' id='word_1_149' title='bbox 236 896 399 930; x_wconf 80' lang='lat' dir='ltr'>dicerent</span> <span class='ocrx_word' id='word_1_150' title='bbox 419 896 504 938; x_wconf 76' lang='lat'>(523</span> <span class='ocrx_word' id='word_1_151' title='bbox 524 896 593 931; x_wconf 88' lang='lat'>810</span> <span class='ocrx_word' id='word_1_152' title='bbox 613 895 697 938; x_wconf 88' lang='grc'>816)</span> <span class='ocrx_word' id='word_1_153' title='bbox 729 899 764 931; x_wconf 90' lang='lat' dir='ltr'>et</span> <span class='ocrx_word' id='word_1_154' title='bbox 792 898 957 931; x_wconf 82' lang='lat' dir='ltr'>censuris</span> <span class='ocrx_word' id='word_1_155' title='bbox 984 897 1370 941; x_wconf 82' lang='lat' dir='ltr'>obiurgationibusque</span> <span class='ocrx_word' id='word_1_156' title='bbox 1390 898 1467 942; x_wconf 89' lang='lat' dir='ltr'>pios</span> <span class='ocrx_word' id='word_1_157' title='bbox 1487 897 1567 933; x_wconf 86' lang='lat' dir='ltr'>illos</span> <span class='ocrx_word' id='word_1_158' title='bbox 1586 899 1637 933; x_wconf 85' lang='lat' dir='ltr'>ita</span> <span class='ocrx_word' id='word_1_159' title='bbox 1657 903 1844 942; x_wconf 83' lang='lat' dir='ltr'>vexarent,</span> <span class='ocrx_word' id='word_1_160' title='bbox 1871 903 1913 934; x_wconf 87' lang='lat' dir='ltr'>ut</span> <span class='ocrx_word' id='word_1_161' title='bbox 1931 899 2034 933; x_wconf 84' lang='lat' dir='ltr'>Cani-</span> 
     </span>
     <span class='ocr_line' id='line_1_16' title="bbox 235 950 2034 998; baseline 0.003 -14"><span class='ocrx_word' id='word_1_162' title='bbox 235 950 311 984; x_wconf 79' lang='lat' dir='ltr'>sius</span> <span class='ocrx_word' id='word_1_163' title='bbox 338 962 487 985; x_wconf 85' lang='lat' dir='ltr'>necesse</span> <span class='ocrx_word' id='word_1_164' title='bbox 515 962 595 985; x_wconf 89' lang='lat' dir='ltr'>esse</span> <span class='ocrx_word' id='word_1_165' title='bbox 622 951 851 986; x_wconf 76' lang='lat' dir='ltr'>existimaret</span> <span class='ocrx_word' id='word_1_166' title='bbox 878 964 923 986; x_wconf 86' lang='lat' dir='ltr'>ex</span> <span class='ocrx_word' id='word_1_167' title='bbox 951 952 1028 997; x_wconf 87' lang='lat' dir='ltr'>ipso</span> <span class='ocrx_word' id='word_1_168' title='bbox 1056 963 1160 986; x_wconf 86' lang='lat' dir='ltr'>sacro</span> <span class='ocrx_word' id='word_1_169' title='bbox 1186 954 1366 996; x_wconf 83' lang='lat' dir='ltr'>suggestu</span> <span class='ocrx_word' id='word_1_170' title='bbox 1399 964 1522 986; x_wconf 88' lang='lat' dir='ltr'>eorum</span> <span class='ocrx_word' id='word_1_171' title='bbox 1560 964 1707 988; x_wconf 88' lang='lat' dir='ltr'>causam</span> <span class='ocrx_word' id='word_1_172' title='bbox 1744 954 1889 988; x_wconf 87' lang='lat' dir='ltr'>defendi</span> <span class='ocrx_word' id='word_1_173' title='bbox 1918 953 2034 998; x_wconf 86' lang='lat'>(845).</span> 
     </span>
     <span class='ocr_line' id='line_1_17' title="bbox 237 1004 2037 1051; baseline 0.002 -13"><span class='ocrx_word' id='word_1_174' title='bbox 237 1004 398 1038; x_wconf 84' lang='lat' dir='ltr'>Tandem</span> <span class='ocrx_word' id='word_1_175' title='bbox 425 1005 615 1049; x_wconf 86' lang='lat' dir='ltr'>parochus,</span> <span class='ocrx_word' id='word_1_176' title='bbox 643 1007 705 1050; x_wconf 91' lang='lat' dir='ltr'>qui</span> <span class='ocrx_word' id='word_1_177' title='bbox 733 1006 842 1040; x_wconf 85' lang='lat' dir='ltr'>etiam</span> <span class='ocrx_word' id='word_1_178' title='bbox 871 1018 917 1040; x_wconf 75' lang='lat' dir='ltr'>ex</span> <span class='ocrx_word' id='word_1_179' title='bbox 944 1006 1128 1041; x_wconf 88' lang='lat' dir='ltr'>canonicis</span> <span class='ocrx_word' id='word_1_180' title='bbox 1156 1008 1244 1048; x_wconf 86' lang='lat' dir='ltr'>erat,</span> <span class='ocrx_word' id='word_1_181' title='bbox 1273 1006 1423 1051; x_wconf 86' lang='lat' dir='ltr'>eiusque</span> <span class='ocrx_word' id='word_1_182' title='bbox 1444 1007 1627 1042; x_wconf 87' lang='lat' dir='ltr'>adiutores</span> <span class='ocrx_word' id='word_1_183' title='bbox 1646 1008 1776 1042; x_wconf 87' lang='lat' dir='ltr'>Patres</span> <span class='ocrx_word' id='word_1_184' title='bbox 1795 1008 1981 1043; x_wconf 84' lang='lat' dir='ltr'>Canisium</span> <span class='ocrx_word' id='word_1_185' title='bbox 2000 1010 2037 1042; x_wconf 92' lang='lat' dir='ltr'>et</span> 
     </span>
     <span class='ocr_line' id='line_1_18' title="bbox 238 1059 2035 1106; baseline 0.002 -13"><span class='ocrx_word' id='word_1_186' title='bbox 238 1059 392 1093; x_wconf 78' lang='lat' dir='ltr'>Elderen</span> <span class='ocrx_word' id='word_1_187' title='bbox 433 1059 528 1104; x_wconf 87' lang='lat' dir='ltr'>apud</span> <span class='ocrx_word' id='word_1_188' title='bbox 571 1059 771 1105; x_wconf 86' lang='lat' dir='ltr'>capitulum</span> <span class='ocrx_word' id='word_1_189' title='bbox 810 1072 891 1095; x_wconf 91' lang='lat' dir='ltr'>reos</span> <span class='ocrx_word' id='word_1_190' title='bbox 934 1060 1101 1095; x_wconf 83' lang='lat' dir='ltr'>fecerunt</span> <span class='ocrx_word' id='word_1_191' title='bbox 1140 1063 1176 1095; x_wconf 91' lang='lat' dir='ltr'>et</span> <span class='ocrx_word' id='word_1_192' title='bbox 1214 1060 1347 1095; x_wconf 89' lang='lat' dir='ltr'>iurium</span> <span class='ocrx_word' id='word_1_193' title='bbox 1386 1061 1648 1106; x_wconf 81' lang='lat' dir='ltr'>parochialium</span> <span class='ocrx_word' id='word_1_194' title='bbox 1688 1065 1940 1106; x_wconf 85' lang='lat' dir='ltr'>arrogatorum</span> <span class='ocrx_word' id='word_1_195' title='bbox 1979 1074 2035 1097; x_wconf 85' lang='lat' dir='ltr'>ac-</span> 
     </span>
     <span class='ocr_line' id='line_1_19' title="bbox 238 1113 2037 1160; baseline 0.002 -13"><span class='ocrx_word' id='word_1_196' title='bbox 238 1115 414 1148; x_wconf 88' lang='lat' dir='ltr'>cusarunt</span> <span class='ocrx_word' id='word_1_197' title='bbox 442 1113 565 1158; x_wconf 78' lang='lat'>(892);</span> <span class='ocrx_word' id='word_1_198' title='bbox 594 1125 644 1155; x_wconf 88' lang='lat' dir='ltr'>se,</span> <span class='ocrx_word' id='word_1_199' title='bbox 671 1114 741 1149; x_wconf 84' lang='lat' dir='ltr'>nisi</span> <span class='ocrx_word' id='word_1_200' title='bbox 761 1114 854 1149; x_wconf 82' lang='lat' dir='ltr'>Socii</span> <span class='ocrx_word' id='word_1_201' title='bbox 882 1115 1129 1160; x_wconf 87' lang='lat' dir='ltr'>paenitentiae</span> <span class='ocrx_word' id='word_1_202' title='bbox 1149 1118 1186 1149; x_wconf 87' lang='lat' dir='ltr'>et</span> <span class='ocrx_word' id='word_1_203' title='bbox 1212 1115 1456 1150; x_wconf 81' lang='lat' dir='ltr'>eucharistiae</span> <span class='ocrx_word' id='word_1_204' title='bbox 1475 1116 1717 1151; x_wconf 82' lang='lat' dir='ltr'>sacramentis</span> <span class='ocrx_word' id='word_1_205' title='bbox 1737 1116 2037 1151; x_wconf 86' lang='lat' dir='ltr'>administrandis</span> 
     </span>
     <span class='ocr_line' id='line_1_20' title="bbox 239 1167 2037 1216; baseline 0.002 -15"><span class='ocrx_word' id='word_1_206' title='bbox 239 1167 534 1212; x_wconf 85' lang='lat' dir='ltr'>prohiberentur,</span> <span class='ocrx_word' id='word_1_207' title='bbox 571 1168 729 1202; x_wconf 88' lang='lat' dir='ltr'>officium</span> <span class='ocrx_word' id='word_1_208' title='bbox 766 1169 995 1214; x_wconf 86' lang='lat' dir='ltr'>deposituros</span> <span class='ocrx_word' id='word_1_209' title='bbox 1022 1181 1103 1203; x_wconf 87' lang='lat' dir='ltr'>esse</span> <span class='ocrx_word' id='word_1_210' title='bbox 1133 1169 1251 1213; x_wconf 87' lang='lat'>(896).</span> <span class='ocrx_word' id='word_1_211' title='bbox 1304 1169 1482 1204; x_wconf 86' lang='lat' dir='ltr'>Prohibiti</span> <span class='ocrx_word' id='word_1_212' title='bbox 1518 1172 1604 1204; x_wconf 88' lang='lat' dir='ltr'>sunt</span> <span class='ocrx_word' id='word_1_213' title='bbox 1631 1170 1746 1211; x_wconf 81' lang='lat' dir='ltr'>Socii,</span> <span class='ocrx_word' id='word_1_214' title='bbox 1782 1172 2037 1216; x_wconf 82' lang='lat' dir='ltr'>praeterquam</span> 
     </span>
     <span class='ocr_line' id='line_1_21' title="bbox 238 1221 2038 1270; baseline 0.003 -15"><span class='ocrx_word' id='word_1_215' title='bbox 238 1222 332 1266; x_wconf 86' lang='lat' dir='ltr'>quod</span> <span class='ocrx_word' id='word_1_216' title='bbox 361 1221 505 1256; x_wconf 84' lang='lat' dir='ltr'>Oanisio</span> <span class='ocrx_word' id='word_1_217' title='bbox 532 1222 639 1256; x_wconf 87' lang='lat' dir='ltr'>venia</span> <span class='ocrx_word' id='word_1_218' title='bbox 666 1223 887 1257; x_wconf 85' lang='lat' dir='ltr'>offerebatur</span> <span class='ocrx_word' id='word_1_219' title='bbox 922 1223 1088 1268; x_wconf 87' lang='lat' dir='ltr'>personis</span> <span class='ocrx_word' id='word_1_220' title='bbox 1116 1223 1297 1258; x_wconf 87' lang='lat' dir='ltr'>nobilibus</span> <span class='ocrx_word' id='word_1_221' title='bbox 1340 1225 1492 1268; x_wconf 86' lang='lat' dir='ltr'>peccata</span> <span class='ocrx_word' id='word_1_222' title='bbox 1519 1224 1777 1260; x_wconf 87' lang='lat' dir='ltr'>confitentibus</span> <span class='ocrx_word' id='word_1_223' title='bbox 1803 1236 1910 1259; x_wconf 87' lang='lat' dir='ltr'>aures</span> <span class='ocrx_word' id='word_1_224' title='bbox 1937 1236 2038 1270; x_wconf 88' lang='lat' dir='ltr'>prae-</span> 
     </span>
     <span class='ocr_line' id='line_1_22' title="bbox 240 1276 2039 1323; baseline 0.002 -14"><span class='ocrx_word' id='word_1_225' title='bbox 240 1276 358 1316; x_wconf 91' lang='lat' dir='ltr'>bendi,</span> <span class='ocrx_word' id='word_1_226' title='bbox 385 1276 536 1321; x_wconf 86' lang='lat' dir='ltr'>reliquis</span> <span class='ocrx_word' id='word_1_227' title='bbox 563 1277 729 1319; x_wconf 71' lang='lat' dir='ltr'>reiectis,</span> <span class='ocrx_word' id='word_1_228' title='bbox 758 1277 793 1311; x_wconf 91' lang='lat' dir='ltr'>id</span> <span class='ocrx_word' id='word_1_229' title='bbox 820 1278 914 1322; x_wconf 88' lang='lat' dir='ltr'>quod</span> <span class='ocrx_word' id='word_1_230' title='bbox 943 1277 1003 1312; x_wconf 92' lang='lat' dir='ltr'>ille</span> <span class='ocrx_word' id='word_1_231' title='bbox 1030 1290 1068 1312; x_wconf 86' lang='lat' dir='ltr'>se</span> <span class='ocrx_word' id='word_1_232' title='bbox 1097 1278 1217 1312; x_wconf 81' lang='lat' dir='ltr'>facere</span> <span class='ocrx_word' id='word_1_233' title='bbox 1245 1289 1351 1323; x_wconf 87' lang='lat' dir='ltr'>posse.</span> <span class='ocrx_word' id='word_1_234' title='bbox 1378 1278 1531 1321; x_wconf 80' lang='lat' dir='ltr'>negavit</span> <span class='ocrx_word' id='word_1_235' title='bbox 1559 1279 1646 1321; x_wconf 88' lang='grc'>(644</span> <span class='ocrx_word' id='word_1_236' title='bbox 1673 1279 1742 1313; x_wconf 88' lang='grc'>659</span> <span class='ocrx_word' id='word_1_237' title='bbox 1770 1279 1868 1323; x_wconf 87' lang='lat'>679).</span> <span class='ocrx_word' id='word_1_238' title='bbox 1920 1279 2039 1313; x_wconf 85' lang='lat' dir='ltr'>Causa</span> 
     </span>
     <span class='ocr_line' id='line_1_23' title="bbox 239 1330 2039 1377; baseline 0.002 -13"><span class='ocrx_word' id='word_1_239' title='bbox 239 1331 284 1364; x_wconf 85' lang='lat' dir='ltr'>ad</span> <span class='ocrx_word' id='word_1_240' title='bbox 312 1331 521 1375; x_wconf 89' lang='lat' dir='ltr'>episcopum</span> <span class='ocrx_word' id='word_1_241' title='bbox 551 1330 672 1365; x_wconf 83' lang='lat' dir='ltr'>delata</span> <span class='ocrx_word' id='word_1_242' title='bbox 699 1333 772 1366; x_wconf 89' lang='lat' dir='ltr'>est:</span> <span class='ocrx_word' id='word_1_243' title='bbox 802 1332 863 1375; x_wconf 87' lang='lat' dir='ltr'>qui</span> <span class='ocrx_word' id='word_1_244' title='bbox 890 1344 928 1366; x_wconf 93' lang='lat' dir='ltr'>re</span> <span class='ocrx_word' id='word_1_245' title='bbox 949 1332 1096 1375; x_wconf 78' lang='lat' dir='ltr'>cognita</span> <span class='ocrx_word' id='word_1_246' title='bbox 1123 1332 1291 1377; x_wconf 85' lang='lat' dir='ltr'>querelas</span> <span class='ocrx_word' id='word_1_247' title='bbox 1319 1333 1575 1367; x_wconf 85' lang='lat' dir='ltr'>canonicorum</span> <span class='ocrx_word' id='word_1_248' title='bbox 1603 1333 1663 1367; x_wconf 81' lang='lat' dir='ltr'>vel</span> <span class='ocrx_word' id='word_1_249' title='bbox 1689 1333 1846 1367; x_wconf 87' lang='lat' dir='ltr'>iniustas</span> <span class='ocrx_word' id='word_1_250' title='bbox 1873 1344 1952 1368; x_wconf 90' lang='lat' dir='ltr'>esse</span> <span class='ocrx_word' id='word_1_251' title='bbox 1979 1333 2039 1367; x_wconf 89' lang='lat' dir='ltr'>vel</span> 
     </span>
     <span class='ocr_line' id='line_1_24' title="bbox 239 1385 2038 1432; baseline 0.002 -14"><span class='ocrx_word' id='word_1_252' title='bbox 239 1385 343 1429; x_wconf 81' lang='lat' dir='ltr'>parvi</span> <span class='ocrx_word' id='word_1_253' title='bbox 379 1385 553 1419; x_wconf 84' lang='lat' dir='ltr'>momenti</span> <span class='ocrx_word' id='word_1_254' title='bbox 580 1388 616 1419; x_wconf 88' lang='lat' dir='ltr'>et</span> <span class='ocrx_word' id='word_1_255' title='bbox 643 1385 775 1430; x_wconf 89' lang='lat' dir='ltr'>quibus</span> <span class='ocrx_word' id='word_1_256' title='bbox 802 1386 911 1420; x_wconf 86' lang='lat' dir='ltr'>facile</span> <span class='ocrx_word' id='word_1_257' title='bbox 938 1386 1121 1431; x_wconf 86' lang='lat' dir='ltr'>provideri</span> <span class='ocrx_word' id='word_1_258' title='bbox 1148 1389 1273 1432; x_wconf 86' lang='lat' dir='ltr'>posset</span> <span class='ocrx_word' id='word_1_259' title='bbox 1308 1386 1486 1421; x_wconf 83' lang='lat' dir='ltr'>iudicavit</span> <span class='ocrx_word' id='word_1_260' title='bbox 1515 1386 1601 1431; x_wconf 87' lang='lat'>(894</span> <span class='ocrx_word' id='word_1_261' title='bbox 1629 1388 1728 1431; x_wconf 88' lang='lat'>907).</span> <span class='ocrx_word' id='word_1_262' title='bbox 1775 1387 1925 1422; x_wconf 87' lang='lat' dir='ltr'>Patricii</span> <span class='ocrx_word' id='word_1_263' title='bbox 1953 1399 2038 1432; x_wconf 89' lang='lat' dir='ltr'>quo-</span> 
     </span>
     <span class='ocr_line' id='line_1_25' title="bbox 241 1439 2041 1487; baseline 0.002 -15"><span class='ocrx_word' id='word_1_264' title='bbox 241 1451 310 1483; x_wconf 81' lang='lat' dir='ltr'>que</span> <span class='ocrx_word' id='word_1_265' title='bbox 337 1439 478 1483; x_wconf 82' lang='lat' dir='ltr'>aliquot</span> <span class='ocrx_word' id='word_1_266' title='bbox 513 1440 710 1483; x_wconf 80' lang='lat' dir='ltr'>augustani</span> <span class='ocrx_word' id='word_1_267' title='bbox 742 1439 877 1475; x_wconf 88' lang='lat' dir='ltr'>litteris</span> <span class='ocrx_word' id='word_1_268' title='bbox 904 1441 949 1474; x_wconf 89' lang='lat' dir='ltr'>ad</span> <span class='ocrx_word' id='word_1_269' title='bbox 987 1441 1209 1475; x_wconf 86' lang='lat' dir='ltr'>cardinalem</span> <span class='ocrx_word' id='word_1_270' title='bbox 1243 1441 1338 1475; x_wconf 84' lang='lat' dir='ltr'>datis</span> <span class='ocrx_word' id='word_1_271' title='bbox 1367 1441 1503 1476; x_wconf 86' lang='lat' dir='ltr'>Canisii</span> <span class='ocrx_word' id='word_1_272' title='bbox 1530 1442 1771 1487; x_wconf 85' lang='lat' dir='ltr'>patrocinium</span> <span class='ocrx_word' id='word_1_273' title='bbox 1799 1443 2041 1487; x_wconf 87' lang='lat' dir='ltr'>susceperunt</span> 
     </span>
     <span class='ocr_line' id='line_1_26' title="bbox 243 1493 2037 1541; baseline 0.002 -14"><span class='ocrx_word' id='word_1_274' title='bbox 243 1493 328 1537; x_wconf 75' lang='lat'>(672</span> <span class='ocrx_word' id='word_1_275' title='bbox 356 1493 455 1537; x_wconf 90' lang='lat'>901).</span> <span class='ocrx_word' id='word_1_276' title='bbox 507 1493 641 1528; x_wconf 85' lang='lat' dir='ltr'>Verum</span> <span class='ocrx_word' id='word_1_277' title='bbox 678 1505 796 1539; x_wconf 89' lang='lat' dir='ltr'>neque</span> <span class='ocrx_word' id='word_1_278' title='bbox 823 1494 912 1529; x_wconf 84' lang='lat' dir='ltr'>haee</span> <span class='ocrx_word' id='word_1_279' title='bbox 940 1507 1057 1540; x_wconf 89' lang='lat' dir='ltr'>neque</span> <span class='ocrx_word' id='word_1_280' title='bbox 1084 1495 1203 1529; x_wconf 89' lang='lat' dir='ltr'>Breve</span> <span class='ocrx_word' id='word_1_281' title='bbox 1231 1507 1251 1529; x_wconf 87' lang='lat' dir='ltr'>a</span> <span class='ocrx_word' id='word_1_282' title='bbox 1278 1496 1343 1530; x_wconf 88' lang='lat' dir='ltr'>Pio</span> <span class='ocrx_word' id='word_1_283' title='bbox 1373 1496 1433 1530; x_wconf 89' lang='lat' dir='ltr'>IV.</span> <span class='ocrx_word' id='word_1_284' title='bbox 1461 1496 1505 1530; x_wconf 84' lang='lat' dir='ltr'>ad</span> <span class='ocrx_word' id='word_1_285' title='bbox 1533 1495 1732 1541; x_wconf 87' lang='lat' dir='ltr'>capitulum</span> <span class='ocrx_word' id='word_1_286' title='bbox 1760 1496 1910 1531; x_wconf 89' lang='lat' dir='ltr'>missum</span> <span class='ocrx_word' id='word_1_287' title='bbox 1942 1495 2037 1541; x_wconf 89' lang='lat' dir='ltr'>apud</span> 
     </span>
     <span class='ocr_line' id='line_1_27' title="bbox 240 1547 2038 1594; baseline 0.002 -13"><span class='ocrx_word' id='word_1_288' title='bbox 240 1547 329 1581; x_wconf 91' lang='lat' dir='ltr'>illud</span> <span class='ocrx_word' id='word_1_289' title='bbox 356 1547 511 1582; x_wconf 90' lang='lat' dir='ltr'>multum</span> <span class='ocrx_word' id='word_1_290' title='bbox 542 1548 737 1582; x_wconf 84' lang='lat' dir='ltr'>valuerunt</span> <span class='ocrx_word' id='word_1_291' title='bbox 771 1548 887 1592; x_wconf 90' lang='lat'>(905).</span> <span class='ocrx_word' id='word_1_292' title='bbox 931 1549 1074 1583; x_wconf 81' lang='lat' dir='ltr'>Interea</span> <span class='ocrx_word' id='word_1_293' title='bbox 1107 1549 1275 1584; x_wconf 86' lang='lat' dir='ltr'>Canisius</span> <span class='ocrx_word' id='word_1_294' title='bbox 1303 1561 1383 1583; x_wconf 87' lang='lat' dir='ltr'>cum</span> <span class='ocrx_word' id='word_1_295' title='bbox 1419 1550 1496 1584; x_wconf 80' lang='lat' dir='ltr'>suis</span> <span class='ocrx_word' id='word_1_296' title='bbox 1527 1551 1696 1594; x_wconf 82' lang='lat' dir='ltr'>Augusta</span> <span class='ocrx_word' id='word_1_297' title='bbox 1727 1551 1826 1585; x_wconf 84' lang='lat' dir='ltr'>abire</span> <span class='ocrx_word' id='word_1_298' title='bbox 1858 1550 2038 1594; x_wconf 86' lang='lat' dir='ltr'>cogitavit</span> 
     </span>
     <span class='ocr_line' id='line_1_28' title="bbox 244 1601 2038 1650; baseline 0.001 -13"><span class='ocrx_word' id='word_1_299' title='bbox 244 1602 328 1646; x_wconf 84' lang='grc'>(638</span> <span class='ocrx_word' id='word_1_300' title='bbox 356 1601 463 1645; x_wconf 85' lang='grc'>674);</span> <span class='ocrx_word' id='word_1_301' title='bbox 491 1614 512 1636; x_wconf 86' lang='lat' dir='ltr'>a</span> <span class='ocrx_word' id='word_1_302' title='bbox 539 1614 609 1646; x_wconf 85' lang='lat' dir='ltr'>quo</span> <span class='ocrx_word' id='word_1_303' title='bbox 637 1603 785 1637; x_wconf 87' lang='lat' dir='ltr'>consilio</span> <span class='ocrx_word' id='word_1_304' title='bbox 812 1615 877 1648; x_wconf 89' lang='lat' dir='ltr'>per</span> <span class='ocrx_word' id='word_1_305' title='bbox 903 1603 1124 1638; x_wconf 85' lang='lat' dir='ltr'>cardinalem</span> <span class='ocrx_word' id='word_1_306' title='bbox 1152 1606 1347 1638; x_wconf 82' lang='lat' dir='ltr'>revocatus</span> <span class='ocrx_word' id='word_1_307' title='bbox 1377 1605 1462 1646; x_wconf 81' lang='lat'>(894</span> <span class='ocrx_word' id='word_1_308' title='bbox 1489 1604 1587 1647; x_wconf 83' lang='lat'>898),</span> <span class='ocrx_word' id='word_1_309' title='bbox 1616 1604 1771 1650; x_wconf 88' lang='lat' dir='ltr'>copiosis</span> <span class='ocrx_word' id='word_1_310' title='bbox 1798 1604 1967 1650; x_wconf 86' lang='lat' dir='ltr'>epistulis</span> <span class='ocrx_word' id='word_1_311' title='bbox 1993 1604 2038 1638; x_wconf 86' lang='lat' dir='ltr'>ad</span> 
     </span>
     <span class='ocr_line' id='line_1_29' title="bbox 240 1656 2037 1703; baseline 0.001 -12"><span class='ocrx_word' id='word_1_312' title='bbox 240 1656 440 1701; x_wconf 88' lang='lat' dir='ltr'>capitulum</span> <span class='ocrx_word' id='word_1_313' title='bbox 468 1659 503 1690; x_wconf 90' lang='lat' dir='ltr'>et</span> <span class='ocrx_word' id='word_1_314' title='bbox 531 1657 575 1691; x_wconf 89' lang='lat' dir='ltr'>ad</span> <span class='ocrx_word' id='word_1_315' title='bbox 603 1657 824 1692; x_wconf 84' lang='lat' dir='ltr'>cardinalem</span> <span class='ocrx_word' id='word_1_316' title='bbox 852 1657 947 1692; x_wconf 83' lang='lat' dir='ltr'>datis</span> <span class='ocrx_word' id='word_1_317' title='bbox 977 1657 1147 1702; x_wconf 86' lang='lat' dir='ltr'>(quarum</span> <span class='ocrx_word' id='word_1_318' title='bbox 1174 1670 1288 1703; x_wconf 89' lang='lat' dir='ltr'>usque</span> <span class='ocrx_word' id='word_1_319' title='bbox 1309 1658 1426 1693; x_wconf 87' lang='lat' dir='ltr'>adhuc</span> <span class='ocrx_word' id='word_1_320' title='bbox 1447 1658 1539 1693; x_wconf 87' lang='lat' dir='ltr'>aliae</span> <span class='ocrx_word' id='word_1_321' title='bbox 1567 1671 1611 1693; x_wconf 81' lang='lat' dir='ltr'>ex</span> <span class='ocrx_word' id='word_1_322' title='bbox 1639 1661 1742 1703; x_wconf 88' lang='lat' dir='ltr'>parte</span> <span class='ocrx_word' id='word_1_323' title='bbox 1762 1661 1904 1693; x_wconf 87' lang='lat' dir='ltr'>tantum</span> <span class='ocrx_word' id='word_1_324' title='bbox 1929 1661 2037 1693; x_wconf 86' lang='lat' dir='ltr'>notae</span> 
     </span>
     <span class='ocr_line' id='line_1_30' title="bbox 241 1710 2034 1758; baseline 0.002 -14"><span class='ocrx_word' id='word_1_325' title='bbox 241 1710 324 1755; x_wconf 90' lang='lat'>[555</span> <span class='ocrx_word' id='word_1_326' title='bbox 354 1710 449 1755; x_wconf 77' lang='lat'>642],</span> <span class='ocrx_word' id='word_1_327' title='bbox 477 1711 568 1745; x_wconf 86' lang='lat' dir='ltr'>aliae</span> <span class='ocrx_word' id='word_1_328' title='bbox 596 1723 745 1756; x_wconf 86' lang='lat' dir='ltr'>prorsus</span> <span class='ocrx_word' id='word_1_329' title='bbox 764 1712 912 1756; x_wconf 80' lang='lat' dir='ltr'>ignotae</span> <span class='ocrx_word' id='word_1_330' title='bbox 933 1711 1030 1758; x_wconf 90' lang='lat'>[657]</span> <span class='ocrx_word' id='word_1_331' title='bbox 1050 1712 1215 1756; x_wconf 85' lang='lat' dir='ltr'>fuerunt)</span> <span class='ocrx_word' id='word_1_332' title='bbox 1236 1724 1276 1747; x_wconf 93' lang='lat' dir='ltr'>se</span> <span class='ocrx_word' id='word_1_333' title='bbox 1295 1724 1452 1758; x_wconf 80' lang='lat' dir='ltr'>purgare</span> <span class='ocrx_word' id='word_1_334' title='bbox 1471 1725 1513 1747; x_wconf 88' lang='lat' dir='ltr'>ac</span> <span class='ocrx_word' id='word_1_335' title='bbox 1533 1713 1726 1748; x_wconf 78' lang='lat' dir='ltr'>Societatis</span> <span class='ocrx_word' id='word_1_336' title='bbox 1744 1713 1822 1748; x_wconf 86' lang='lat' dir='ltr'>iura</span> <span class='ocrx_word' id='word_1_337' title='bbox 1845 1712 1929 1756; x_wconf 86' lang='grc'>(898</span> <span class='ocrx_word' id='word_1_338' title='bbox 1949 1712 2034 1757; x_wconf 88' lang='lat'>899)</span> 
     </span>
     <span class='ocr_line' id='line_1_31' title="bbox 240 1765 2037 1813; baseline 0.001 -15"><span class='ocrx_word' id='word_1_339' title='bbox 240 1765 334 1799; x_wconf 90' lang='lat' dir='ltr'>tueri</span> <span class='ocrx_word' id='word_1_340' title='bbox 358 1765 509 1807; x_wconf 87' lang='lat' dir='ltr'>studuit,</span> <span class='ocrx_word' id='word_1_341' title='bbox 536 1765 647 1799; x_wconf 89' lang='lat' dir='ltr'>ullam</span> <span class='ocrx_word' id='word_1_342' title='bbox 668 1768 816 1800; x_wconf 83' lang='lat' dir='ltr'>exstare</span> <span class='ocrx_word' id='word_1_343' title='bbox 843 1766 961 1809; x_wconf 81' lang='lat' dir='ltr'>Iegem</span> <span class='ocrx_word' id='word_1_344' title='bbox 980 1779 1131 1810; x_wconf 82' lang='lat' dir='ltr'>negans,</span> <span class='ocrx_word' id='word_1_345' title='bbox 1160 1778 1231 1811; x_wconf 49' lang='lat' dir='ltr'>qua.</span> <span class='ocrx_word' id='word_1_346' title='bbox 1256 1767 1384 1802; x_wconf 88' lang='lat' dir='ltr'>fideles</span> <span class='ocrx_word' id='word_1_347' title='bbox 1403 1770 1508 1801; x_wconf 82' lang='lat' dir='ltr'>extra</span> <span class='ocrx_word' id='word_1_348' title='bbox 1527 1767 1720 1802; x_wconf 86' lang='lat' dir='ltr'>Paschatis</span> <span class='ocrx_word' id='word_1_349' title='bbox 1739 1769 1884 1813; x_wconf 88' lang='lat' dir='ltr'>tempus</span> <span class='ocrx_word' id='word_1_350' title='bbox 1902 1767 2037 1801; x_wconf 86' lang='lat' dir='ltr'>nemini</span> 
     </span>
     <span class='ocr_line' id='line_1_32' title="bbox 238 1819 2038 1866; baseline 0.001 -13"><span class='ocrx_word' id='word_1_351' title='bbox 238 1819 309 1853; x_wconf 91' lang='lat' dir='ltr'>nisi</span> <span class='ocrx_word' id='word_1_352' title='bbox 336 1819 492 1864; x_wconf 86' lang='lat' dir='ltr'>parocho</span> <span class='ocrx_word' id='word_1_353' title='bbox 512 1822 662 1864; x_wconf 81' lang='lat' dir='ltr'>peccata</span> <span class='ocrx_word' id='word_1_354' title='bbox 681 1820 854 1862; x_wconf 85' lang='lat' dir='ltr'>confiteri,</span> <span class='ocrx_word' id='word_1_355' title='bbox 882 1833 902 1855; x_wconf 88' lang='lat' dir='ltr'>a</span> <span class='ocrx_word' id='word_1_356' title='bbox 920 1821 1064 1855; x_wconf 89' lang='lat' dir='ltr'>nemine</span> <span class='ocrx_word' id='word_1_357' title='bbox 1083 1821 1152 1855; x_wconf 88' lang='lat' dir='ltr'>nisi</span> <span class='ocrx_word' id='word_1_358' title='bbox 1172 1833 1193 1855; x_wconf 85' lang='lat' dir='ltr'>a</span> <span class='ocrx_word' id='word_1_359' title='bbox 1211 1822 1368 1866; x_wconf 88' lang='lat' dir='ltr'>parocho</span> <span class='ocrx_word' id='word_1_360' title='bbox 1387 1822 1646 1856; x_wconf 84' lang='lat' dir='ltr'>eucharistiam</span> <span class='ocrx_word' id='word_1_361' title='bbox 1666 1833 1808 1856; x_wconf 88' lang='lat' dir='ltr'>sumere</span> <span class='ocrx_word' id='word_1_362' title='bbox 1827 1822 2038 1856; x_wconf 85' lang='lat' dir='ltr'>iuberentur</span> 
     </span>
     <span class='ocr_line' id='line_1_33' title="bbox 244 1873 2037 1921; baseline 0.001 -14"><span class='ocrx_word' id='word_1_363' title='bbox 244 1874 329 1917; x_wconf 87' lang='lat'>(556</span> <span class='ocrx_word' id='word_1_364' title='bbox 366 1874 434 1908; x_wconf 82' lang='lat'>643</span> <span class='ocrx_word' id='word_1_365' title='bbox 472 1873 579 1917; x_wconf 87' lang='lat'>660);</span> <span class='ocrx_word' id='word_1_366' title='bbox 616 1874 727 1908; x_wconf 81' lang='lat' dir='ltr'>simul</span> <span class='ocrx_word' id='word_1_367' title='bbox 764 1878 902 1917; x_wconf 85' lang='lat' dir='ltr'>tamen,</span> <span class='ocrx_word' id='word_1_368' title='bbox 941 1886 1013 1919; x_wconf 87' lang='lat' dir='ltr'>qua</span> <span class='ocrx_word' id='word_1_369' title='bbox 1040 1878 1118 1910; x_wconf 88' lang='lat' dir='ltr'>erat</span> <span class='ocrx_word' id='word_1_370' title='bbox 1149 1876 1328 1910; x_wconf 87' lang='lat' dir='ltr'>modestia</span> <span class='ocrx_word' id='word_1_371' title='bbox 1355 1878 1392 1910; x_wconf 85' lang='lat' dir='ltr'>et</span> <span class='ocrx_word' id='word_1_372' title='bbox 1418 1876 1528 1910; x_wconf 89' lang='lat' dir='ltr'>animi</span> <span class='ocrx_word' id='word_1_373' title='bbox 1556 1876 1793 1916; x_wconf 85' lang='lat' dir='ltr'>demissione,</span> <span class='ocrx_word' id='word_1_374' title='bbox 1829 1887 1850 1910; x_wconf 85' lang='lat' dir='ltr'>a</span> <span class='ocrx_word' id='word_1_375' title='bbox 1877 1875 2037 1921; x_wconf 83' lang='lat' dir='ltr'>capitulo</span> 
     </span>
     <span class='ocr_line' id='line_1_34' title="bbox 240 1928 2036 1982; baseline 0.002 -21"><span class='ocrx_word' id='word_1_376' title='bbox 240 1928 404 1969; x_wconf 88' lang='lat' dir='ltr'>veniam,</span> <span class='ocrx_word' id='word_1_377' title='bbox 440 1928 471 1962; x_wconf 87' lang='lat' dir='ltr'>si</span> <span class='ocrx_word' id='word_1_378' title='bbox 504 1928 589 1972; x_wconf 89' lang='lat' dir='ltr'>quid</span> <span class='ocrx_word' id='word_1_379' title='bbox 617 1931 826 1973; x_wconf 83' lang='lat' dir='ltr'>peccasset,</span> <span class='ocrx_word' id='word_1_380' title='bbox 863 1929 967 1974; x_wconf 88' lang='lat' dir='ltr'>petiit</span> <span class='ocrx_word' id='word_1_381' title='bbox 996 1929 1099 1974; x_wconf 89' lang='lat'>(661)</span> <span class='ocrx_word' id='word_1_382' title='bbox 1129 1932 1166 1964; x_wconf 90' lang='lat' dir='ltr'>et</span> <span class='ocrx_word' id='word_1_383' title='bbox 1191 1930 1281 1964; x_wconf 85' lang='lat' dir='ltr'>illud</span> <span class='ocrx_word' id='word_1_384' title='bbox 1309 1929 1476 1982; x_wconf 60' lang='lat' dir='ltr'>(ji-egorii</span> <span class='ocrx_word' id='word_1_385' title='bbox 1504 1930 1724 1965; x_wconf 85' lang='lat' dir='ltr'>Nazianzeni</span> <span class='ocrx_word' id='word_1_386' title='bbox 1750 1930 1962 1975; x_wconf 86' lang='lat' dir='ltr'>usurpavit:</span> <span class='ocrx_word' id='word_1_387' title='bbox 1999 1929 2036 1965; x_wconf 82' lang='lat' dir='ltr'>Si</span> 
     </span>
     <span class='ocr_line' id='line_1_35' title="bbox 245 1984 2036 2029; baseline 0.002 -14"><span class='ocrx_word' id='word_1_388' title='bbox 245 1984 412 2027; x_wconf 69' lang='lat' dir='ltr'>„propter</span> <span class='ocrx_word' id='word_1_389' title='bbox 449 1994 514 2016; x_wconf 90' lang='lat' dir='ltr'>nos</span> <span class='ocrx_word' id='word_1_390' title='bbox 547 1985 676 2016; x_wconf 82' lang='lat' dir='ltr'>exorta</span> <span class='ocrx_word' id='word_1_391' title='bbox 702 1984 902 2028; x_wconf 83' lang='lat' dir='ltr'>tempestas</span> <span class='ocrx_word' id='word_1_392' title='bbox 929 1986 1001 2025; x_wconf 88' lang='lat' dir='ltr'>est,</span> <span class='ocrx_word' id='word_1_393' title='bbox 1038 1984 1271 2029; x_wconf 85' lang='lat' dir='ltr'>proijciamur</span> <span class='ocrx_word' id='word_1_394' title='bbox 1306 1985 1342 2018; x_wconf 92' lang='lat' dir='ltr'>in</span> <span class='ocrx_word' id='word_1_395' title='bbox 1378 1986 1498 2019; x_wconf 59' lang='grc' dir='ltr'>1111116ιι</span> <span class='ocrx_word' id='word_1_396' title='bbox 1540 1986 1655 2029; x_wconf 79' lang='grc'>(644).</span> <span class='ocrx_word' id='word_1_397' title='bbox 1715 1987 1837 2029; x_wconf 85' lang='lat' dir='ltr'>Atque</span> <span class='ocrx_word' id='word_1_398' title='bbox 1873 1984 1925 2018; x_wconf 89' lang='lat' dir='ltr'>ita</span> <span class='ocrx_word' id='word_1_399' title='bbox 1959 1984 2036 2018; x_wconf 85' lang='lat' dir='ltr'>fere</span> 
     </span>
     <span class='ocr_line' id='line_1_36' title="bbox 239 2036 2035 2084; baseline 0.001 -13"><span class='ocrx_word' id='word_1_400' title='bbox 239 2037 378 2071; x_wconf 87' lang='lat' dir='ltr'>factum</span> <span class='ocrx_word' id='word_1_401' title='bbox 407 2039 481 2070; x_wconf 87' lang='lat' dir='ltr'>est:</span> <span class='ocrx_word' id='word_1_402' title='bbox 519 2036 679 2070; x_wconf 88' lang='lat' dir='ltr'>Litterae</span> <span class='ocrx_word' id='word_1_403' title='bbox 714 2037 815 2081; x_wconf 81' lang='lat' dir='ltr'>pacis</span> <span class='ocrx_word' id='word_1_404' title='bbox 848 2038 1096 2083; x_wconf 85' lang='lat' dir='ltr'>conscriptae,</span> <span class='ocrx_word' id='word_1_405' title='bbox 1133 2038 1381 2084; x_wconf 87' lang='lat' dir='ltr'>subscriptae,</span> <span class='ocrx_word' id='word_1_406' title='bbox 1418 2039 1672 2080; x_wconf 82' lang='lat' dir='ltr'>confirmatae,</span> <span class='ocrx_word' id='word_1_407' title='bbox 1709 2039 1840 2083; x_wconf 83' lang='lat' dir='ltr'>quibus</span> <span class='ocrx_word' id='word_1_408' title='bbox 1867 2038 2035 2073; x_wconf 86' lang='lat' dir='ltr'>Canisius</span> 
     </span>
     <span class='ocr_line' id='line_1_37' title="bbox 240 2090 2033 2136; baseline 0.001 -11"><span class='ocrx_word' id='word_1_409' title='bbox 240 2092 424 2135; x_wconf 88' lang='lat' dir='ltr'>ceterique</span> <span class='ocrx_word' id='word_1_410' title='bbox 461 2090 554 2124; x_wconf 81' lang='lat' dir='ltr'>Socii</span> <span class='ocrx_word' id='word_1_411' title='bbox 590 2090 727 2135; x_wconf 89' lang='lat' dir='ltr'>templo</span> <span class='ocrx_word' id='word_1_412' title='bbox 763 2091 965 2126; x_wconf 86' lang='lat' dir='ltr'>cathedrali</span> <span class='ocrx_word' id='word_1_413' title='bbox 1004 2092 1201 2133; x_wconf 78' lang='lat' dir='ltr'>cedebant,</span> <span class='ocrx_word' id='word_1_414' title='bbox 1244 2092 1313 2127; x_wconf 90' lang='lat' dir='ltr'>nisi</span> <span class='ocrx_word' id='word_1_415' title='bbox 1351 2093 1445 2136; x_wconf 89' lang='lat' dir='ltr'>quod</span> <span class='ocrx_word' id='word_1_416' title='bbox 1483 2092 1652 2127; x_wconf 80' lang='lat' dir='ltr'>Canisins</span> <span class='ocrx_word' id='word_1_417' title='bbox 1688 2092 1948 2127; x_wconf 84' lang='lat' dir='ltr'>contionatoris</span> <span class='ocrx_word' id='word_1_418' title='bbox 1983 2092 2033 2126; x_wconf 86' lang='lat' dir='ltr'>of—</span> 
     </span>
     <span class='ocr_line' id='line_1_38' title="bbox 240 2144 2032 2192; baseline 0.002 -14"><span class='ocrx_word' id='word_1_419' title='bbox 240 2145 361 2179; x_wconf 89' lang='lat' dir='ltr'>ficium</span> <span class='ocrx_word' id='word_1_420' title='bbox 395 2144 577 2178; x_wconf 86' lang='lat' dir='ltr'>retinebat</span> <span class='ocrx_word' id='word_1_421' title='bbox 615 2145 730 2189; x_wconf 90' lang='lat'>(910).</span> <span class='ocrx_word' id='word_1_422' title='bbox 783 2146 822 2179; x_wconf 87' lang='lat' dir='ltr'>ln</span> <span class='ocrx_word' id='word_1_423' title='bbox 858 2146 929 2180; x_wconf 89' lang='lat' dir='ltr'>alia</span> <span class='ocrx_word' id='word_1_424' title='bbox 965 2146 1121 2190; x_wconf 86' lang='lat' dir='ltr'>quadam</span> <span class='ocrx_word' id='word_1_425' title='bbox 1149 2147 1248 2181; x_wconf 84' lang='lat' dir='ltr'>urbis</span> <span class='ocrx_word' id='word_1_426' title='bbox 1276 2146 1432 2181; x_wconf 86' lang='lat' dir='ltr'>ecclesia</span> <span class='ocrx_word' id='word_1_427' title='bbox 1460 2147 1708 2181; x_wconf 83' lang='lat' dir='ltr'>confessiones</span> <span class='ocrx_word' id='word_1_428' title='bbox 1735 2147 1902 2192; x_wconf 82' lang='lat' dir='ltr'>excipere</span> <span class='ocrx_word' id='word_1_429' title='bbox 1930 2146 2032 2190; x_wconf 88' lang='lat'>(709)</span> 
     </span>
     <span class='ocr_line' id='line_1_39' title="bbox 241 2199 2034 2245; baseline -0.001 -11"><span class='ocrx_word' id='word_1_430' title='bbox 241 2200 459 2244; x_wconf 87' lang='lat' dir='ltr'>coeperunt;</span> <span class='ocrx_word' id='word_1_431' title='bbox 496 2199 558 2233; x_wconf 85' lang='lat' dir='ltr'>sed</span> <span class='ocrx_word' id='word_1_432' title='bbox 596 2199 678 2233; x_wconf 83' lang='lat' dir='ltr'>inde</span> <span class='ocrx_word' id='word_1_433' title='bbox 715 2210 858 2244; x_wconf 88' lang='lat' dir='ltr'>quoque</span> <span class='ocrx_word' id='word_1_434' title='bbox 885 2212 947 2234; x_wconf 90' lang='lat' dir='ltr'>eos</span> <span class='ocrx_word' id='word_1_435' title='bbox 974 2201 1170 2235; x_wconf 86' lang='lat' dir='ltr'>exturbare</span> <span class='ocrx_word' id='word_1_436' title='bbox 1197 2201 1417 2235; x_wconf 88' lang='lat' dir='ltr'>studuerunt</span> <span class='ocrx_word' id='word_1_437' title='bbox 1449 2201 1569 2235; x_wconf 90' lang='lat' dir='ltr'>clerici</span> <span class='ocrx_word' id='word_1_438' title='bbox 1608 2201 1773 2245; x_wconf 84' lang='lat' dir='ltr'>quidam,</span> <span class='ocrx_word' id='word_1_439' title='bbox 1809 2201 1869 2244; x_wconf 89' lang='lat' dir='ltr'>qui</span> <span class='ocrx_word' id='word_1_440' title='bbox 1897 2200 2034 2234; x_wconf 84' lang='lat' dir='ltr'>invidia</span> 
     </span>
     <span class='ocr_line' id='line_1_40' title="bbox 240 2253 2034 2299; baseline 0.001 -13"><span class='ocrx_word' id='word_1_441' title='bbox 240 2253 438 2287; x_wconf 85' lang='lat' dir='ltr'>urebantur</span> <span class='ocrx_word' id='word_1_442' title='bbox 467 2255 503 2287; x_wconf 83' lang='lat' dir='ltr'>et</span> <span class='ocrx_word' id='word_1_443' title='bbox 529 2253 751 2287; x_wconf 86' lang='lat' dir='ltr'>conscientia</span> <span class='ocrx_word' id='word_1_444' title='bbox 771 2254 1030 2289; x_wconf 87' lang='lat' dir='ltr'>mordebantur</span> <span class='ocrx_word' id='word_1_445' title='bbox 1059 2254 1144 2297; x_wconf 83' lang='lat'>(898</span> <span class='ocrx_word' id='word_1_446' title='bbox 1165 2256 1275 2297; x_wconf 80' lang='lat'>902);</span> <span class='ocrx_word' id='word_1_447' title='bbox 1309 2255 1447 2297; x_wconf 83' lang='lat' dir='ltr'>„clerus</span> <span class='ocrx_word' id='word_1_448' title='bbox 1474 2256 1578 2289; x_wconf 77' lang='lat' dir='ltr'>timet</span> <span class='ocrx_word' id='word_1_449' title='bbox 1603 2256 1702 2298; x_wconf 77' lang='lat' dir='ltr'>nos“‚</span> <span class='ocrx_word' id='word_1_450' title='bbox 1730 2255 1848 2299; x_wconf 85' lang='lat' dir='ltr'>inquit</span> <span class='ocrx_word' id='word_1_451' title='bbox 1867 2254 2034 2289; x_wconf 88' lang='lat' dir='ltr'>Canisius</span> 
     </span>
     <span class='ocr_line' id='line_1_41' title="bbox 244 2307 2034 2354; baseline 0.001 -13"><span class='ocrx_word' id='word_1_452' title='bbox 244 2307 366 2350; x_wconf 59' lang='lat'>(71:202</span> <span class='ocrx_word' id='word_1_453' title='bbox 395 2307 540 2341; x_wconf 86' lang='lat' dir='ltr'>tandem</span> <span class='ocrx_word' id='word_1_454' title='bbox 571 2307 603 2340; x_wconf 92' lang='lat' dir='ltr'>in</span> <span class='ocrx_word' id='word_1_455' title='bbox 632 2307 816 2347; x_wconf 82' lang='lat' dir='ltr'>aedicula,</span> <span class='ocrx_word' id='word_1_456' title='bbox 854 2320 946 2352; x_wconf 88' lang='lat' dir='ltr'>quae</span> <span class='ocrx_word' id='word_1_457' title='bbox 974 2308 1134 2353; x_wconf 88' lang='lat' dir='ltr'>episcopi</span> <span class='ocrx_word' id='word_1_458' title='bbox 1162 2308 1277 2343; x_wconf 88' lang='lat' dir='ltr'>solius</span> <span class='ocrx_word' id='word_1_459' title='bbox 1303 2309 1476 2354; x_wconf 85' lang='lat' dir='ltr'>potestati</span> <span class='ocrx_word' id='word_1_460' title='bbox 1504 2309 1667 2343; x_wconf 83' lang='lat' dir='ltr'>subiecta</span> <span class='ocrx_word' id='word_1_461' title='bbox 1694 2311 1791 2349; x_wconf 81' lang='lat' dir='ltr'>erat,</span> <span class='ocrx_word' id='word_1_462' title='bbox 1819 2308 1863 2343; x_wconf 89' lang='lat' dir='ltr'>ad</span> <span class='ocrx_word' id='word_1_463' title='bbox 1890 2311 2034 2353; x_wconf 83' lang='lat' dir='ltr'>teinpus</span> 
     </span>
     <span class='ocr_line' id='line_1_42' title="bbox 241 2361 2033 2408; baseline 0.001 -14"><span class='ocrx_word' id='word_1_464' title='bbox 241 2361 528 2405; x_wconf 86' lang='lat' dir='ltr'>conquieverunt</span> <span class='ocrx_word' id='word_1_465' title='bbox 549 2361 673 2404; x_wconf 83' lang='grc'>(816);</span> <span class='ocrx_word' id='word_1_466' title='bbox 702 2362 1000 2406; x_wconf 85' lang='lat' dir='ltr'>conquieverunt,</span> <span class='ocrx_word' id='word_1_467' title='bbox 1029 2364 1197 2407; x_wconf 85' lang='lat' dir='ltr'>inquam;</span> <span class='ocrx_word' id='word_1_468' title='bbox 1226 2375 1308 2397; x_wconf 86' lang='lat' dir='ltr'>nam</span> <span class='ocrx_word' id='word_1_469' title='bbox 1335 2363 1479 2408; x_wconf 83' lang='lat' dir='ltr'>patricii</span> <span class='ocrx_word' id='word_1_470' title='bbox 1507 2364 1650 2407; x_wconf 86' lang='lat' dir='ltr'>quidem</span> <span class='ocrx_word' id='word_1_471' title='bbox 1675 2362 1822 2407; x_wconf 86' lang='lat' dir='ltr'>aliquot,</span> <span class='ocrx_word' id='word_1_472' title='bbox 1850 2361 2033 2397; x_wconf 74' lang='lat' dir='ltr'>cardinale</span> 
     </span>
     <span class='ocr_line' id='line_1_43' title="bbox 240 2415 2033 2462; baseline 0.001 -13"><span class='ocrx_word' id='word_1_473' title='bbox 240 2416 456 2459; x_wconf 80' lang='lat' dir='ltr'>Augustano</span> <span class='ocrx_word' id='word_1_474' title='bbox 483 2417 519 2449; x_wconf 87' lang='lat' dir='ltr'>et</span> <span class='ocrx_word' id='word_1_475' title='bbox 546 2415 636 2449; x_wconf 88' lang='lat' dir='ltr'>duce</span> <span class='ocrx_word' id='word_1_476' title='bbox 655 2415 835 2450; x_wconf 83' lang='lat' dir='ltr'>Bavariae</span> <span class='ocrx_word' id='word_1_477' title='bbox 863 2417 1085 2458; x_wconf 80' lang='lat' dir='ltr'>iuvantibus,</span> <span class='ocrx_word' id='word_1_478' title='bbox 1113 2428 1133 2450; x_wconf 87' lang='lat' dir='ltr'>a</span> <span class='ocrx_word' id='word_1_479' title='bbox 1160 2417 1331 2462; x_wconf 87' lang='lat' dir='ltr'>pontifice</span> <span class='ocrx_word' id='word_1_480' title='bbox 1358 2419 1554 2462; x_wconf 84' lang='lat' dir='ltr'>impetrare</span> <span class='ocrx_word' id='word_1_481' title='bbox 1582 2417 1818 2457; x_wconf 81' lang='lat' dir='ltr'>conabantur,</span> <span class='ocrx_word' id='word_1_482' title='bbox 1846 2418 1887 2450; x_wconf 88' lang='lat' dir='ltr'>ut</span> <span class='ocrx_word' id='word_1_483' title='bbox 1913 2428 2033 2451; x_wconf 83' lang='lat' dir='ltr'>mona-</span> 
     </span>
     <span class='ocr_line' id='line_1_44' title="bbox 239 2469 2031 2514; baseline 0.001 -12"><span class='ocrx_word' id='word_1_484' title='bbox 239 2470 390 2503; x_wconf 87' lang='lat' dir='ltr'>sterium</span> <span class='ocrx_word' id='word_1_485' title='bbox 412 2469 728 2503; x_wconf 85' lang='lat' dir='ltr'>Dominicanorum</span> <span class='ocrx_word' id='word_1_486' title='bbox 756 2482 870 2514; x_wconf 89' lang='lat' dir='ltr'>paene</span> <span class='ocrx_word' id='word_1_487' title='bbox 897 2471 1079 2504; x_wconf 85' lang='lat' dir='ltr'>desertum</span> <span class='ocrx_word' id='word_1_488' title='bbox 1110 2470 1211 2514; x_wconf 89' lang='lat'>(765)</span> <span class='ocrx_word' id='word_1_489' title='bbox 1244 2471 1277 2505; x_wconf 89' lang='lat' dir='ltr'>in</span> <span class='ocrx_word' id='word_1_490' title='bbox 1298 2471 1517 2506; x_wconf 74' lang='lat' dir='ltr'>Societatem</span> <span class='ocrx_word' id='word_1_491' title='bbox 1537 2471 1799 2505; x_wconf 78' lang='lat' dir='ltr'>transferretur</span> <span class='ocrx_word' id='word_1_492' title='bbox 1821 2471 1940 2514; x_wconf 77' lang='lat'>(734):</span> <span class='ocrx_word' id='word_1_493' title='bbox 1969 2471 2031 2505; x_wconf 88' lang='lat' dir='ltr'>sed</span> 
     </span>
     <span class='ocr_line' id='line_1_45' title="bbox 240 2522 2031 2569; baseline 0.001 -12"><span class='ocrx_word' id='word_1_494' title='bbox 240 2523 306 2557; x_wconf 90' lang='lat' dir='ltr'>hoc</span> <span class='ocrx_word' id='word_1_495' title='bbox 346 2522 535 2557; x_wconf 89' lang='lat' dir='ltr'>consilium</span> <span class='ocrx_word' id='word_1_496' title='bbox 576 2534 692 2567; x_wconf 84' lang='lat' dir='ltr'>neque</span> <span class='ocrx_word' id='word_1_497' title='bbox 720 2524 865 2558; x_wconf 86' lang='lat' dir='ltr'>Canisio</span> <span class='ocrx_word' id='word_1_498' title='bbox 905 2524 1042 2569; x_wconf 87' lang='lat' dir='ltr'>placuit</span> <span class='ocrx_word' id='word_1_499' title='bbox 1084 2525 1169 2568; x_wconf 84' lang='lat'>(740</span> <span class='ocrx_word' id='word_1_500' title='bbox 1207 2526 1275 2559; x_wconf 71' lang='lat'>754</span> <span class='ocrx_word' id='word_1_501' title='bbox 1312 2525 1419 2568; x_wconf 88' lang='lat'>764),</span> <span class='ocrx_word' id='word_1_502' title='bbox 1459 2537 1577 2569; x_wconf 80' lang='lat' dir='ltr'>neque</span> <span class='ocrx_word' id='word_1_503' title='bbox 1614 2525 1657 2558; x_wconf 86' lang='lat' dir='ltr'>ad</span> <span class='ocrx_word' id='word_1_504' title='bbox 1696 2525 1864 2559; x_wconf 79' lang='lat' dir='ltr'>etl&#39;ectuin</span> <span class='ocrx_word' id='word_1_505' title='bbox 1901 2524 2031 2559; x_wconf 85' lang='lat' dir='ltr'>adduci</span> 
     </span>
     <span class='ocr_line' id='line_1_46' title="bbox 240 2576 504 2622; baseline -0.004 -11"><span class='ocrx_word' id='word_1_506' title='bbox 240 2577 359 2622; x_wconf 88' lang='lat' dir='ltr'>potuit</span> <span class='ocrx_word' id='word_1_507' title='bbox 388 2576 504 2620; x_wconf 86' lang='lat'>(770).</span> 
     </span>
    </p>

    <p class='ocr_par' dir='ltr' id='par_1_3' title="bbox 240 2631 2032 3161">
     <span class='ocr_line' id='line_1_47' title="bbox 363 2631 2031 2677; baseline 0.002 -14"><span class='ocrx_word' id='word_1_508' title='bbox 363 2632 458 2664; x_wconf 81' lang='lat' dir='ltr'>Inter</span> <span class='ocrx_word' id='word_1_509' title='bbox 485 2642 547 2671; x_wconf 87' lang='lat' dir='ltr'>ea,</span> <span class='ocrx_word' id='word_1_510' title='bbox 584 2642 676 2674; x_wconf 84' lang='lat' dir='ltr'>quae</span> <span class='ocrx_word' id='word_1_511' title='bbox 704 2631 739 2664; x_wconf 87' lang='lat' dir='ltr'>in</span> <span class='ocrx_word' id='word_1_512' title='bbox 767 2631 835 2665; x_wconf 85' lang='lat' dir='ltr'>hac</span> <span class='ocrx_word' id='word_1_513' title='bbox 862 2632 1112 2666; x_wconf 86' lang='lat' dir='ltr'>controversia</span> <span class='ocrx_word' id='word_1_514' title='bbox 1141 2633 1284 2667; x_wconf 81' lang='lat' dir='ltr'>Canisio</span> <span class='ocrx_word' id='word_1_515' title='bbox 1313 2633 1580 2673; x_wconf 85' lang='lat' dir='ltr'>obiciebantur,</span> <span class='ocrx_word' id='word_1_516' title='bbox 1609 2632 1675 2666; x_wconf 86' lang='lat' dir='ltr'>hoc</span> <span class='ocrx_word' id='word_1_517' title='bbox 1703 2635 1908 2677; x_wconf 85' lang='lat' dir='ltr'>comparet,</span> <span class='ocrx_word' id='word_1_518' title='bbox 1936 2632 2031 2677; x_wconf 91' lang='lat' dir='ltr'>quod</span> 
     </span>
     <span class='ocr_line' id='line_1_48' title="bbox 240 2685 2032 2732; baseline 0.001 -13"><span class='ocrx_word' id='word_1_519' title='bbox 240 2686 316 2730; x_wconf 84' lang='lat' dir='ltr'>ipsc</span> <span class='ocrx_word' id='word_1_520' title='bbox 335 2685 471 2719; x_wconf 87' lang='lat' dir='ltr'>clerum</span> <span class='ocrx_word' id='word_1_521' title='bbox 491 2697 559 2719; x_wconf 90' lang='lat' dir='ltr'>non</span> <span class='ocrx_word' id='word_1_522' title='bbox 579 2685 695 2719; x_wconf 85' lang='lat' dir='ltr'>solum</span> <span class='ocrx_word' id='word_1_523' title='bbox 725 2686 879 2730; x_wconf 81' lang='lat' dir='ltr'>privatis</span> <span class='ocrx_word' id='word_1_524' title='bbox 898 2686 1098 2730; x_wconf 87' lang='lat' dir='ltr'>colloquiis,</span> <span class='ocrx_word' id='word_1_525' title='bbox 1125 2688 1188 2721; x_wconf 90' lang='lat' dir='ltr'>sed</span> <span class='ocrx_word' id='word_1_526' title='bbox 1217 2687 1325 2721; x_wconf 84' lang='lat' dir='ltr'>etiam</span> <span class='ocrx_word' id='word_1_527' title='bbox 1352 2687 1472 2732; x_wconf 84' lang='lat' dir='ltr'>palam</span> <span class='ocrx_word' id='word_1_528' title='bbox 1501 2699 1546 2721; x_wconf 84' lang='lat' dir='ltr'>ex</span> <span class='ocrx_word' id='word_1_529' title='bbox 1564 2699 1668 2721; x_wconf 81' lang='lat' dir='ltr'>sacro</span> <span class='ocrx_word' id='word_1_530' title='bbox 1687 2690 1866 2730; x_wconf 81' lang='lat' dir='ltr'>suggestu</span> <span class='ocrx_word' id='word_1_531' title='bbox 1894 2687 1928 2720; x_wconf 92' lang='grc'>111</span> <span class='ocrx_word' id='word_1_532' title='bbox 1949 2698 2032 2721; x_wconf 87' lang='grc'>0011-</span> 
     </span>
     <span class='ocr_line' id='line_1_49' title="bbox 240 2739 2031 2784; baseline 0.001 -11"><span class='ocrx_word' id='word_1_533' title='bbox 240 2742 416 2784; x_wconf 87' lang='lat' dir='ltr'>temptum</span> <span class='ocrx_word' id='word_1_534' title='bbox 457 2739 637 2773; x_wconf 83' lang='lat' dir='ltr'>adducere</span> <span class='ocrx_word' id='word_1_535' title='bbox 676 2740 865 2774; x_wconf 78' lang='lat' dir='ltr'>dicebatur</span> <span class='ocrx_word' id='word_1_536' title='bbox 906 2741 1021 2783; x_wconf 81' lang='lat'>(543).</span> <span class='ocrx_word' id='word_1_537' title='bbox 1081 2740 1196 2782; x_wconf 74' lang='lat' dir='ltr'>Quam</span> <span class='ocrx_word' id='word_1_538' title='bbox 1236 2742 1505 2775; x_wconf 81' lang='lat' dir='ltr'>accusationem</span> <span class='ocrx_word' id='word_1_539' title='bbox 1545 2753 1585 2774; x_wconf 90' lang='lat' dir='ltr'>eo</span> <span class='ocrx_word' id='word_1_540' title='bbox 1624 2741 1744 2775; x_wconf 89' lang='lat' dir='ltr'>minus</span> <span class='ocrx_word' id='word_1_541' title='bbox 1782 2752 1911 2775; x_wconf 89' lang='lat' dir='ltr'>censeo</span> <span class='ocrx_word' id='word_1_542' title='bbox 1951 2751 2031 2774; x_wconf 82' lang='lat' dir='ltr'>esse</span> 
     </span>
     <span class='ocr_line' id='line_1_50' title="bbox 240 2793 2030 2840; baseline 0.001 -13"><span class='ocrx_word' id='word_1_543' title='bbox 240 2794 522 2837; x_wconf 74' lang='lat' dir='ltr'>neglegendam,</span> <span class='ocrx_word' id='word_1_544' title='bbox 560 2793 653 2837; x_wconf 79' lang='lat' dir='ltr'>quod</span> <span class='ocrx_word' id='word_1_545' title='bbox 691 2793 814 2827; x_wconf 82' lang='lat' dir='ltr'>eadem</span> <span class='ocrx_word' id='word_1_546' title='bbox 853 2794 976 2827; x_wconf 84' lang='grc'>(1606111</span> <span class='ocrx_word' id='word_1_547' title='bbox 1012 2795 1116 2828; x_wconf 85' lang='lat' dir='ltr'>annis</span> <span class='ocrx_word' id='word_1_548' title='bbox 1155 2797 1236 2839; x_wconf 85' lang='lat' dir='ltr'>post</span> <span class='ocrx_word' id='word_1_549' title='bbox 1272 2795 1427 2840; x_wconf 75' lang='lat' dir='ltr'>repetita</span> <span class='ocrx_word' id='word_1_550' title='bbox 1455 2798 1511 2829; x_wconf 87' lang='lat' dir='ltr'>est</span> <span class='ocrx_word' id='word_1_551' title='bbox 1546 2795 1682 2839; x_wconf 87' lang='lat' dir='ltr'>scripto</span> <span class='ocrx_word' id='word_1_552' title='bbox 1719 2794 1893 2838; x_wconf 87' lang='lat' dir='ltr'>quodam,</span> <span class='ocrx_word' id='word_1_553' title='bbox 1935 2794 2030 2838; x_wconf 85' lang='lat' dir='ltr'>quod</span> 
     </span>
     <span class='ocr_line' id='line_1_51' title="bbox 240 2847 2028 2893; baseline 0.001 -13"><span class='ocrx_word' id='word_1_554' title='bbox 240 2848 393 2892; x_wconf 85' lang='lat' dir='ltr'>primum</span> <span class='ocrx_word' id='word_1_555' title='bbox 422 2847 568 2881; x_wconf 71' lang='lat' dir='ltr'>saeculo</span> <span class='ocrx_word' id='word_1_556' title='bbox 586 2847 719 2881; x_wconf 79' lang='lat' dir='ltr'>XVlll.</span> <span class='ocrx_word' id='word_1_557' title='bbox 748 2850 915 2887; x_wconf 85' lang='lat' dir='ltr'>exeunte,</span> <span class='ocrx_word' id='word_1_558' title='bbox 945 2848 1072 2882; x_wconf 76' lang='lat' dir='ltr'>deindo</span> <span class='ocrx_word' id='word_1_559' title='bbox 1096 2848 1295 2882; x_wconf 76' lang='lat' dir='ltr'>novissimo</span> <span class='ocrx_word' id='word_1_560' title='bbox 1323 2849 1390 2883; x_wconf 88' lang='lat' dir='ltr'>hoc</span> <span class='ocrx_word' id='word_1_561' title='bbox 1417 2851 1578 2893; x_wconf 84' lang='lat' dir='ltr'>tempore</span> <span class='ocrx_word' id='word_1_562' title='bbox 1605 2849 1704 2893; x_wconf 65' lang='lat' dir='ltr'>typis</span> <span class='ocrx_word' id='word_1_563' title='bbox 1725 2848 1936 2891; x_wconf 83' lang='lat' dir='ltr'>evulgatum</span> <span class='ocrx_word' id='word_1_564' title='bbox 1957 2850 2028 2883; x_wconf 82' lang='lat' dir='ltr'>est:</span> 
     </span>
     <span class='ocr_line' id='line_1_52' title="bbox 243 2901 2029 2947; baseline 0.001 -13"><span class='ocrx_word' id='word_1_565' title='bbox 243 2901 494 2943; x_wconf 59' lang='lat' dir='ltr'>„Memoriale‘</span> <span class='ocrx_word' id='word_1_566' title='bbox 534 2903 715 2934; x_wconf 80' lang='lat' dir='ltr'>secretum</span> <span class='ocrx_word' id='word_1_567' title='bbox 753 2901 851 2941; x_wconf 87' lang='lat' dir='ltr'>dico,</span> <span class='ocrx_word' id='word_1_568' title='bbox 889 2902 933 2935; x_wconf 87' lang='lat' dir='ltr'>ab</span> <span class='ocrx_word' id='word_1_569' title='bbox 960 2904 1097 2935; x_wconf 75' lang='lat' dir='ltr'>Ioamw</span> <span class='ocrx_word' id='word_1_570' title='bbox 1124 2903 1285 2945; x_wconf 49' lang='lat' dir='ltr'>Jfiqolpho</span> <span class='ocrx_word' id='word_1_571' title='bbox 1321 2914 1341 2935; x_wconf 79' lang='lat' dir='ltr'>a</span> <span class='ocrx_word' id='word_1_572' title='bbox 1369 2903 1585 2946; x_wconf 66' lang='lat' dir='ltr'>Kniirinyen</span> <span class='ocrx_word' id='word_1_573' title='bbox 1621 2902 1788 2947; x_wconf 85' lang='lat' dir='ltr'>episcopo</span> <span class='ocrx_word' id='word_1_574' title='bbox 1825 2903 2029 2946; x_wconf 80' lang='lat' dir='ltr'>augustano</span> 
     </span>
     <span class='ocr_line' id='line_1_53' title="bbox 240 2954 2028 3001; baseline -0.001 -12"><span class='ocrx_word' id='word_1_575' title='bbox 240 2955 389 2999; x_wconf 79' lang='lat' dir='ltr'>eiusque</span> <span class='ocrx_word' id='word_1_576' title='bbox 417 2955 575 2999; x_wconf 83' lang='lat' dir='ltr'>capitulo</span> <span class='ocrx_word' id='word_1_577' title='bbox 604 2954 750 2998; x_wconf 82' lang='lat' dir='ltr'>Dilinga</span> <span class='ocrx_word' id='word_1_578' title='bbox 777 2957 812 2988; x_wconf 90' lang='lat' dir='ltr'>et</span> <span class='ocrx_word' id='word_1_579' title='bbox 836 2955 1003 2999; x_wconf 75' lang='lat' dir='ltr'>Augusta</span> <span class='ocrx_word' id='word_1_580' title='bbox 1031 2968 1076 2989; x_wconf 89' lang='grc'>111.</span> <span class='ocrx_word' id='word_1_581' title='bbox 1097 2956 1299 3001; x_wconf 66' lang='lat' dir='ltr'>Septembri</span> <span class='ocrx_word' id='word_1_582' title='bbox 1328 2968 1359 2990; x_wconf 87' lang='lat' dir='ltr'>a.</span> <span class='ocrx_word' id='word_1_583' title='bbox 1389 2957 1480 2990; x_wconf 70' lang='lat'>1574</span> <span class='ocrx_word' id='word_1_584' title='bbox 1508 2957 1642 2996; x_wconf 85' lang='lat' dir='ltr'>datum,</span> <span class='ocrx_word' id='word_1_585' title='bbox 1675 2956 1709 2989; x_wconf 91' lang='grc'>111</span> <span class='ocrx_word' id='word_1_586' title='bbox 1737 2966 1806 2999; x_wconf 91' lang='lat' dir='ltr'>quo</span> <span class='ocrx_word' id='word_1_587' title='bbox 1833 2955 2028 2989; x_wconf 86' lang='lat' dir='ltr'>asseritur:</span> 
     </span>
     <span class='ocr_line' id='line_1_54' title="bbox 240 3008 2029 3054; baseline -0.001 -11"><span class='ocrx_word' id='word_1_588' title='bbox 240 3009 363 3043; x_wconf 76' lang='lat' dir='ltr'>Socios</span> <span class='ocrx_word' id='word_1_589' title='bbox 383 3009 433 3042; x_wconf 85' lang='lat' dir='ltr'>ita</span> <span class='ocrx_word' id='word_1_590' title='bbox 458 3008 596 3042; x_wconf 82' lang='lat' dir='ltr'>locutos</span> <span class='ocrx_word' id='word_1_591' title='bbox 616 3020 706 3049; x_wconf 75' lang='lat' dir='ltr'>esse,</span> <span class='ocrx_word' id='word_1_592' title='bbox 734 3020 775 3043; x_wconf 84' lang='lat' dir='ltr'>ac</span> <span class='ocrx_word' id='word_1_593' title='bbox 793 3009 824 3042; x_wconf 91' lang='lat' dir='ltr'>si</span> <span class='ocrx_word' id='word_1_594' title='bbox 847 3009 1068 3049; x_wconf 75' lang='lat' dir='ltr'>sacerdotes,</span> <span class='ocrx_word' id='word_1_595' title='bbox 1095 3010 1154 3053; x_wconf 87' lang='lat' dir='ltr'>qui</span> <span class='ocrx_word' id='word_1_596' title='bbox 1175 3010 1218 3043; x_wconf 87' lang='lat' dir='ltr'>de</span> <span class='ocrx_word' id='word_1_597' title='bbox 1239 3009 1395 3054; x_wconf 84' lang='lat' dir='ltr'>ipsorum</span> <span class='ocrx_word' id='word_1_598' title='bbox 1416 3009 1598 3044; x_wconf 82' lang='lat' dir='ltr'>Societate</span> <span class='ocrx_word' id='word_1_599' title='bbox 1618 3021 1686 3043; x_wconf 92' lang='grc'>11011</span> <span class='ocrx_word' id='word_1_600' title='bbox 1706 3010 1839 3049; x_wconf 80' lang='lat' dir='ltr'>essent,</span> <span class='ocrx_word' id='word_1_601' title='bbox 1866 3008 2029 3042; x_wconf 84' lang='lat' dir='ltr'>homines</span> 
     </span>
     <span class='ocr_line' id='line_1_55' title="bbox 240 3061 2026 3107; baseline -0.001 -11"><span class='ocrx_word' id='word_1_602' title='bbox 240 3074 259 3096; x_wconf 88' lang='lat' dir='ltr'>a</span> <span class='ocrx_word' id='word_1_603' title='bbox 287 3063 446 3107; x_wconf 77' lang='lat' dir='ltr'>peccatis</span> <span class='ocrx_word' id='word_1_604' title='bbox 473 3062 662 3095; x_wconf 73' lang='lat' dir='ltr'>absolvere</span> <span class='ocrx_word' id='word_1_605' title='bbox 691 3074 758 3096; x_wconf 89' lang='lat' dir='ltr'>non</span> <span class='ocrx_word' id='word_1_606' title='bbox 787 3066 935 3107; x_wconf 84' lang='lat' dir='ltr'>possent</span> <span class='ocrx_word' id='word_1_607' title='bbox 964 3064 1050 3106; x_wconf 73' lang='lat'>(544</span> <span class='ocrx_word' id='word_1_608' title='bbox 1074 3064 1180 3106; x_wconf 84' lang='grc'>863);</span> <span class='ocrx_word' id='word_1_609' title='bbox 1211 3064 1318 3097; x_wconf 90' lang='grc'>11111110</span> <span class='ocrx_word' id='word_1_610' title='bbox 1347 3063 1531 3097; x_wconf 83' lang='lat' dir='ltr'>Canisium</span> <span class='ocrx_word' id='word_1_611' title='bbox 1559 3063 1668 3106; x_wconf 85' lang='lat' dir='ltr'>(anno</span> <span class='ocrx_word' id='word_1_612' title='bbox 1698 3063 1805 3103; x_wconf 84' lang='lat'>1564)</span> <span class='ocrx_word' id='word_1_613' title='bbox 1835 3074 1880 3095; x_wconf 80' lang='lat' dir='ltr'>ex</span> <span class='ocrx_word' id='word_1_614' title='bbox 1907 3061 2026 3095; x_wconf 84' lang='lat' dir='ltr'>cathe-</span> 
     </span>
     <span class='ocr_line' id='line_1_56' title="bbox 240 3115 2026 3161; baseline 0 -12"><span class='ocrx_word' id='word_1_615' title='bbox 240 3116 350 3150; x_wconf 83' lang='lat' dir='ltr'>dralis</span> <span class='ocrx_word' id='word_1_616' title='bbox 378 3115 552 3150; x_wconf 84' lang='lat' dir='ltr'>ecclesiae</span> <span class='ocrx_word' id='word_1_617' title='bbox 580 3118 758 3159; x_wconf 68' lang='lat' dir='ltr'>suggestu</span> <span class='ocrx_word' id='word_1_618' title='bbox 791 3118 994 3158; x_wconf 69' lang='lat' dir='ltr'>„crassum‘</span> <span class='ocrx_word' id='word_1_619' title='bbox 1024 3117 1124 3151; x_wconf 88' lang='lat' dir='ltr'>illum</span> <span class='ocrx_word' id='word_1_620' title='bbox 1153 3117 1407 3161; x_wconf 83' lang='lat' dir='ltr'>pronuntiasse</span> <span class='ocrx_word' id='word_1_621' title='bbox 1432 3117 1655 3159; x_wconf 77' lang='lat' dir='ltr'>„er1·orem“:</span> <span class='ocrx_word' id='word_1_622' title='bbox 1684 3115 1868 3149; x_wconf 84' lang='lat' dir='ltr'>Sociorum</span> <span class='ocrx_word' id='word_1_623' title='bbox 1895 3115 2026 3149; x_wconf 84' lang='lat' dir='ltr'>missas</span> 
     </span>
    </p>
   </div>
  </div>
 </body>
</html>
