2182 3339
954 637 1008 679 ΙΙ.

435 728 821 785 PROOEMIUM
860 728 1164 785 VOLUMIN
1168 728 1230 785 IS
1271 728 1532 796 QUARTI.

187 844 216 876 I.
245 843 496 886 Epistularum
525 847 554 875 et
589 847 898 875 monumentorum
925 853 1107 876 uumerus.
1158 843 1209 876 II.
1237 843 1422 876 Editiom's
1449 845 1555 877 ratio.
1610 845 1686 878 Cur
1711 846 1876 888 (tliqmm-

88 902 162 930 tum
190 898 386 931 immutata.
433 898 508 930 Cur
534 898 643 929 aunis
671 898 763 929 1563
790 900 819 928 et
849 899 940 930 1504
967 908 1011 930 m.
1031 898 1235 930 Ianuarius
1259 898 1350 930 anni
1378 900 1470 931 1565
1496 898 1652 932 additus.
1697 899 1767 932 III.
1787 899 1877 942 Epi-

86 951 263 984 stularum
292 955 321 983 et
356 955 662 984 monumentormn
697 962 840 993 yenercc.
892 951 958 984 IV.
987 951 1176 994 Epistulas
1211 952 1274 994 qui
1299 962 1322 984 (ι
1351 951 1498 984 canisio
1525 954 1725 995 acceperint
1751 953 1802 986 vel
1828 954 1877 986 ad

88 1016 165 1038 eum
192 1006 363 1038 dederint.
410 1006 445 1038 Γ.
474 1006 621 1038 Summa
651 1015 796 1037 rerum:
824 1008 853 1037 1.
878 1005 1076 1038 Concilium
1103 1005 1349 1038 tridentinum.
1394 1008 1426 1038 2.
1450 1006 1659 1040 Coutmum'o
1685 1007 1749 1040 sul)
1776 1011 1875 1040 utra-

89 1070 154 1102 que
188 1061 224 1092 in
256 1060 406 1092 Austria
443 1062 473 1091 et
507 1058 681 1091 Bavaria.
733 1062 765 1091 3.
793 1059 899 1092 Aliae
934 1070 990 1092 res
1026 1059 1279 1092 ecclesiasticae
1304 1060 1496 1093 Ratiaria&
1549 1063 1582 1095 4.
1611 1061 1768 1095 Societas
1794 1062 1876 1095 Iesu

88 1114 265 1147 universa.
321 1116 350 1146 3.
379 1114 477 1146 Socii
507 1114 545 1146 in
576 1113 785 1146 Germania.
839 1116 868 1145 6.
901 1112 1040 1146 Canis-1¹2·
1066 1114 1297 1156 difficultates
1323 1118 1555 1157 auqustunae.
1613 1117 1644 1148 7.
1677 1115 1874 1149 Contiones.

87 1169 119 1201 8.
147 1167 263 1201 Libri.
310 1170 340 1200 9.
373 1167 541 1208 Officium
565 1167 762 1210 praepositi
781 1167 1034 1209 provincialis.
1084 1169 1137 1200 10.
1166 1168 1282 1200 Amor
1310 1169 1348 1201 in
1378 1169 1588 1202 Germanos.
1639 1172 1693 1203 11.
1720 1170 1874 1204 Errata.

90 1224 145 1256 12.
172 1222 327 1255 Virtutes
353 1226 383 1254 et
410 1222 542 1254 laudes.

209 1305 390 1347 Numeri
433 1304 599 1346 arabici
639 1305 762 1346 <uncis
796 1306 971 1359 inclusi,
1017 1306 1090 1361 qui
1128 1320 1154 1347 (ι
1187 1307 1323 1361 capite
1358 1306 1400 1349 V.
1436 1308 1618 1363 siu-(siclis
1656 1308 1748 1362 fere
1782 1323 1877 1351 seu-

87 1373 230 1413 tentiz's
271 1371 503 1425 addentur,
550 1370 785 1425 ostendent,
836 1371 986 1426 quibus
1029 1372 1130 1413 libri
1169 1373 1344 1427 pccyinz’s
1385 1374 1557 1429 siuyula
1596 1373 1715 1427 factu
1744 1376 1876 1430 potis-

89 1439 241 1479 simum
276 1441 526 1479 warreutm:

206 1503 239 1546 I.
273 1503 490 1544 Volunien
532 1502 612 1544 hoc
647 1502 843 1544 continet
887 1503 972 1544 449
1009 1502 1296 1557 epistulas
1340 1504 1692 1557 canisianas,
1737 1521 1877 1560 quae

89 1569 151 1611 ab
184 1569 419 1611 ineunte
452 1583 507 1611 m.
542 1568 810 1610 Ianuario
847 1570 960 1610 1563
995 1583 1168 1623 usque
1202 1569 1266 1612 ad
1300 1574 1596 1614 exeuntem
1629 1587 1683 1616 m.
1718 1573 1876 1615 Ianu-

90 1634 264 1677 arium
311 1636 423 1677 1565
468 1634 635 1676 datae
677 1637 827 1685 sunt,
871 1637 923 1676 et
963 1637 1048 1677 200
1093 1639 1495 1686 ,‚monumenta“
1534 1637 1654 1680 sive
1692 1641 1868 1690 „acta“

90 1700 337 1743 eiusdem
369 1700 655 1754 temporis.
703 1700 1004 1754 Epistularum
1038 1704 1186 1743 autem
1219 1702 1394 1744 nomine
1416 1702 1459 1745 in
1482 1703 1564 1746 hoc
1587 1719 1718 1759 opere
1741 1705 1874 1748 etiam

95 1768 339 1820 „regesta“,
374 1780 486 1819 quae
519 1768 693 1814 vocant,
728 1766 821 1808 sive
855 1767 1154 1821 epistularum,
1190 1782 1301 1821 quae
1336 1769 1406 1810 vel
1439 1769 1664 1823 perierunt
1698 1772 1767 1814 vel
1793 1771 1875 1814 mi·-

89 1832 206 1875 noris
240 1831 449 1874 momenti
482 1835 609 1883 sunt,
645 1846 842 1874 summae
874 1833 1031 1875 breves
1065 1834 1515 1888 comprehenduntur,
1551 1840 1683 1890 atque
1716 1837 1760 1879 in
1792 1837 1874 1880 hoe

89 1897 309 1941 volumine
342 1898 439 1952 plus
474 1899 557 1939 215
583 1897 797 1952 epistulae
821 1901 1078 1953 comparent
1099 1899 1143 1941 in
1167 1899 1376 1942 eiusmodi
1400 1905 1578 1955 regesta
1602 1905 1872 1947 contractae.

210 1964 279 2005 Ex
313 1963 512 2018 epistulis
555 1965 639 2006 209
674 1978 699 2006 a
732 1963 903 2007 Canisio
937 1965 1007 2007 vel
1045 1965 1181 2020 ipsius
1214 1967 1388 2009 nomine
1421 1968 1742 2023 mandatuque,
1788 1972 1873 2013 240

90 2029 145 2072 ad
178 2029 395 2072 Canisium
428 2029 559 2071 datae
591 2032 706 2072 sunt.

209 2095 330 2138 Inter
363 2094 574 2149 epistulas
607 2097 652 2138 et
684 2099 980 2148 monumenta,
1016 2111 1128 2151 quae
1162 2097 1266 2149 dixi,
1301 2099 1469 2154 scripta
1501 2103 1603 2143 sunt

784 2173 922 2216 latine
1070 2176 1169 2226 283,

784 2239 932 2282 italice
1071 2242 1170 2292 244,

785 2306 1036 2359 germanice
1100 2309 1170 2358 39,

784 2371 1008 2427 hispanice
1103 2374 1155 2414 21
1174 2390 1182 2421 ς

89 2452 258 2506 reliqua
280 2453 445 2509 scripta
467 2457 569 2497 sunt
590 2454 754 2508 lingua,
779 2455 814 2497 si
837 2455 902 2498 ita
924 2456 1068 2498 dicere
1089 2457 1206 2508 licet,
1231 2457 1395 2509 mixta3
1424 2462 1472 2503 ut
1495 2474 1550 2502 ex
1573 2465 1701 2515 parte
1724 2462 1874 2511 latine,

91 2532 146 2560 ex
186 2521 313 2573 parte
354 2520 501 2563 italice
543 2520 655 2574 (fere
699 2520 796 2575 30),
842 2522 910 2564 vel
955 2521 1103 2574 (simili
1146 2524 1338 2578 ratione)
1380 2525 1529 2568 italice
1564 2527 1875 2583 hispaniaeque

91 2583 202 2636 (fere
236 2585 310 2639 20)
350 2589 432 2629 etc.

209 2650 278 2692 Ex
312 2651 524 2706 epistulis,
560 2652 673 2706 quod
707 2653 906 2706 equidem
941 2654 1093 2706 norim,
1129 2658 1257 2698 erant

520 2729 710 2771 nondum
745 2744 934 2772 excusae
968 2730 1060 2773 fere
1323 2734 1423 2784 340,

522 2793 693 2847 integre
727 2796 937 2848 vulgatae
970 2796 1063 2839 fere
1353 2801 1424 2850 40,

521 2873 576 2901 ex
609 2864 738 2915 parte
770 2861 890 2916 typis
913 2861 1164 2917 exscriptae
1196 2863 1290 2906 fere
1355 2867 1424 2908 60.

209 2923 278 2965 Ex
311 2925 618 2977 monumentis,
653 2927 767 2980 quod
801 2927 949 2978 sciam,
985 2931 1113 2971 erant

405 3007 594 3049 nondum
627 3009 746 3062 typis
779 3009 964 3064 vulgata
997 3010 1090 3053 fere
1453 3015 1550 3066 140,

407 3087 569 3115 excusa
602 3073 693 3127 (vel
725 3074 917 3128 integre,
952 3077 1023 3118 vel
1057 3091 1111 3119 ex
1144 3077 1290 3132 parte)
1322 3077 1416 3122 fere
1481 3082 1548 3123 60.
