2182 3339
882 117 1070 202 .,3><
1105 99 1203 219 επ
1230 132 1271 181 0

1007 274 1058 312 f*
1082 278 1113 292 aas
1135 278 1172 296 ιι,

1165 308 1172 317 ⁴

366 642 455 676 Cum
483 653 583 687 opus,
612 641 669 675 cui
696 640 825 675 titulus
853 642 927 675 est:
955 642 1060 675 Beata?
1078 642 1178 675 Petra·
1200 641 1339 675 Cam‘sii
1359 642 1395 675 S.
1415 642 1452 676 J.
1471 642 1658 685 Epistulae
1684 647 1714 676 et
1733 643 1836 686 Aeta,
1864 642 2034 676 Volumen

244 707 426 748 quartum,
453 701 497 736 ab
529 702 651 736 Ottone
673 702 958 746 Braunsberqer,
985 701 1174 736 sacerdote
1193 700 1387 736 societatis
1405 701 1498 744 Iesu,
1525 702 1776 747 compositum,
1803 701 1915 746 aliqui
1943 702 2034 737 eius·

243 763 324 797 dem
351 761 545 797 Societatis
571 761 772 804 reviseres,
807 761 937 806 quibus
963 761 1000 796 id
1026 761 1260 796 commissum
1286 761 1374 804 fuit,
1401 763 1681 806 recognoverint
1707 764 1743 796 et
1769 762 1805 796 in
1831 762 1950 797 lucem
1977 761 2034 796 edi

242 834 350 869 posse
376 822 631 868 probaverint,
667 821 881 857 facultatem
910 822 1159 865 concedimus,
1196 823 1235 856 ut
1262 821 1363 868 typis
1388 822 1601 867 mandetur,
1636 822 1668 857 si
1693 822 1745 857 ita
1771 822 1835 864 iis,
1871 822 1917 857 ad
1944 834 2034 867 quos

243 883 412 929 pertinet,
439 882 632 917 videbitur.

364 944 405 977 In
431 955 584 988 quorum
610 943 717 978 fidem
743 943 810 978 has
837 943 981 978 litteras
1007 955 1117 978 manu
1143 945 1268 978 nostra
1294 943 1521 989 subscriptas
1547 945 1583 978 et
1600 942 1720 988 sigillo
1740 943 1899 978 muneris
1917 943 2033 978 nostri

242 1004 402 1039 munitas
428 1003 603 1039 dedimus.

363 1108 519 1151 Exaten,
546 1105 602 1140 die
629 1106 686 1140 27.
713 1106 812 1152 Sept.
845 1107 946 1142 1904.

365 1184 420 1230 (L,
448 1185 500 1229 3,)
1472 1155 1512 1189 Ρ.
1540 1154 1582 1190 G.
1610 1153 1815 1190 Schaeffer
1840 1153 1874 1188 S.
1902 1154 1935 1188 J.

1434 1214 1542 1249 Prov.
1571 1214 1692 1250 Germ.
1719 1213 1967 1260 Praepositus.

956 1406 1321 1478 Imprimatur.

364 1520 553 1571 firmem-92
581 1522 826 1572 Brisyom‘ae,
857 1520 918 1559 die
952 1523 1011 1560 16.
1043 1521 1287 1572 Septembris
1320 1521 1435 1559 1905.

1399 1621 1445 1677 ss
1479 1622 1677 1675 Thomas,
1711 1619 1967 1676 Archiep‘ps.

939 1969 1153 2006 Protestatio
1179 1968 1330 2006 editoris.

362 2048 404 2075 Ut
423 2048 542 2081 legibus
562 2047 599 2074 ab
620 2047 746 2075 Urbano
770 2048 847 2074 VIII.
868 2055 987 2074 summo
1009 2046 1152 2080 pontifice
1174 2047 1215 2073 13.
1236 2046 1339 2073 Martii
1354 2046 1431 2077 1625,
1453 2047 1476 2073 '›.
1491 2045 1568 2072 Iunii
1584 2046 1650 2071 1631
1673 2045 1729 2072 etc.
1750 2045 1821 2071 latis
1842 2053 1875 2072 ac
1896 2045 2030 2072 decretis

241 2096 351 2123 Sacrae
372 2096 497 2123 Rituum
519 2096 773 2130 Congregationis
793 2096 933 2126 satisfiat,
957 2095 1058 2122 editor
1077 2095 1251 2129 profitetur,
1272 2102 1481 2128 quaecumque
1501 2095 1530 2120 in
1551 2094 1609 2121 hoc
1629 2094 1784 2120 volumine
1805 2094 1972 2120 narrantur
1992 2093 2030 2120 de

242 2144 399 2171 hominum
419 2144 586 2171 illustrium
606 2144 784 2175 virtutibus,
805 2143 969 2174 miraculis,
989 2142 1242 2174 revelationibus,
1262 2143 1293 2168 et
1313 2143 1339 2169 si
1360 2150 1437 2176 quae
1452 2142 1510 2168 alia
1524 2142 1710 2172 referuntur,
1732 2149 1808 2175 quae
1824 2141 1952 2167 naturae
1966 2140 2029 2167 vim

241 2193 272 2218 et
292 2192 502 2219 condicionem
522 2192 671 2218 excedere
692 2192 866 2223 videantur,
886 2192 929 2218 ita
949 2199 982 2218 se
1000 2191 1081 2218 velle
1102 2191 1246 2224 intellegi.
1267 2191 1301 2217 ut
1321 2199 1338 2217 a
1358 2190 1480 2224 privata
1501 2190 1621 2216 tantum
1642 2189 1826 2215 auctoritate
1846 2189 1986 2223 profecta
1999 2189 2032 2215 et

241 2240 374 2267 humana
394 2240 516 2267 tantum
536 2240 595 2267 fide
617 2240 708 2274 digna
729 2248 797 2267 esse
818 2240 1010 2270 censeantur.
1032 2239 1090 2266 nisi
1111 2247 1127 2266 a
1148 2239 1256 2265 sancta
1276 2238 1404 2265 ecclesia
1424 2237 1595 2272 approbata
1615 2237 1685 2263 sint.

973 2836 1309 2934 (ObsQss

826 2979 984 3021 Omnia
1015 2978 1110 3021 iura
1143 2981 1438 3022 reservantur.

786 3114 880 3149 'l'ypis
901 3114 1111 3147 ilerden-ienis,
1135 3114 1276 3147 Friburgi
1296 3114 1488 3146 Brisgoviae.
