2182 3339
236 88 295 117 XL
791 70 836 106 ΙΙ.
874 69 1104 105 Prooemium
1131 70 1327 105 voluminis
1354 69 1488 114 quarti.

237 190 343 225 Pauli
358 190 420 225 IV.
443 190 748 233 „moderationem
767 190 961 235 acciperet,
982 188 1222 223 Germanicae
1239 188 1378 223 nationi
1396 189 1728 224 accommodatam“
1749 189 1840 234 (93).
1869 189 2037 224 Lainiuin

236 244 485 290 praepositum
512 244 722 288 generalem
749 244 922 287 rogabat,
950 243 1103 285 videret,
1130 245 1172 277 ut
1198 243 1234 277 in
1261 243 1361 278 curia
1387 255 1538 278 romana
1569 243 1686 286 „circa
1712 255 1886 278 censuras
1913 243 2038 278 Eccle-

235 299 406 334 siasticas
425 310 505 334 cum
526 298 718 334 Germanis
737 298 953 333 clementius
972 298 1164 342 ageretur¹⁴
1186 297 1301 340 (509).
1334 297 1479 333 Canisio
1497 300 1538 332 ut
1557 297 1763 340 satisfieret,
1784 298 1878 333 Socii
1896 298 2037 332 romani

236 353 434 399 impetrare
453 353 678 388 conabantur
697 351 853 397 (frustra
871 352 1024 396 tamen),
1052 354 1093 386 ut
1111 351 1329 387 Germaniae
1355 351 1618 394 sacerdotibus,
1647 352 1757 386 etiam
1776 351 2038 394 saecularibus,

237 410 402 453 potestas
437 407 697 442 concederetur
732 406 859 441 fideles
885 418 906 440 a
937 406 1106 450 „casibus
1134 405 1262 440 Bullae
1290 405 1452 441 Coena&
1491 406 1705 441 absolvendi
1739 406 1825 450 (540
1861 406 1930 441 548
1967 407 2037 441 579

237 462 323 505 599)
354 465 391 496 et
417 462 482 503 iis,
518 473 672 506 quorum
699 460 949 496 confessiones
985 461 1217 505 exciperent,
1255 459 1350 495 Novi
1377 460 1605 495 Testamenti
1642 460 1850 505 germanice
1876 460 1975 495 versi
2002 463 2039 495 et

238 516 413 551 librorum
440 517 483 551 de
510 515 770 551 controversiis
806 514 1015 559 germanice
1051 515 1270 560 scriptorum
1303 514 1498 550 lectionem
1533 515 1767 561 permittendi
1797 515 1920 559 (698);
1957 527 2038 550 con-

238 571 398 605 diciones
425 571 520 605 enim
547 570 806 614 terminosque,
834 569 966 614 quibus
994 569 1168 604 librorum
1196 568 1341 603 illorum
1366 569 1476 604 lectio
1495 570 1530 604 in
1554 569 1714 612 „Indice“
1738 569 1937 604 tridentino
1956 581 2037 604 con-

237 625 499 670 stringebatur,
528 624 746 660 Germaniae
772 636 903 658 nocere
930 624 1051 667 potius
1078 634 1187 668 quam
1214 623 1324 658 utiles
1352 635 1432 658 esse
1460 623 1629 659 Canisius
1656 623 1829 658 censebat
1858 624 1944 668 (674
1968 624 2039 659 744

239 680 308 714 772
337 681 403 715 791
433 680 531 724 793).
585 680 716 714 Refero
743 678 833 713 haec
860 681 897 713 et
923 690 1040 720 narro,
1068 689 1137 712 non
1166 677 1296 712 iudico.

363 740 417 774 11.
454 740 549 774 Fieri
577 742 675 774 certe
702 741 835 784 potest,
861 742 903 773 ut
929 738 1039 773 etiam
1067 738 1303 772 doctissimus
1330 740 1366 772 et
1392 738 1647 773 sanctissimus
1675 738 1829 783 quisque
1855 738 2037 773 interdum

239 797 373 829 erret
410 796 455 828 et
490 794 700 828 labatur.
754 792 857 828 Sicut
882 792 1042 835 Lainius‚
1070 792 1264 836 theologus
1291 792 1455 827 Tridenti
1481 792 1768 835 laudatissimus,
1797 792 1950 827 concilio
1977 793 2037 827 ab·

237 848 368 890 soluto,
397 860 418 883 a
445 848 616 894 pontifice
643 847 867 890 confirmato,
896 847 1032 881 Romae
1059 847 1290 892 promulgato
1317 849 1428 891 atque
1452 846 1612 889 „Indice“
1643 847 1842 882 tridentino
1869 847 2040 882 similiter

238 903 471 948 promulgato
499 902 686 937 Canisium
721 902 886 946 aliosque
924 901 1049 936 Socios
1085 901 1198 936 semel
1235 903 1345 946 atque
1378 901 1509 935 iterum
1547 901 1687 936 docuit:
1725 901 1869 936 Fideles
1896 901 2039 937 concilii

239 957 396 992 decretis
422 969 492 992 non
519 957 648 997 teneri,
676 958 872 1001 antequam
893 956 928 990 in
955 956 1117 1001 ipsorum
1145 958 1244 989 terra
1270 955 1504 1000 promulgata
1530 958 1664 998 essent,
1691 968 1809 1001 neque
1833 956 2035 999 „Iudioem‘

239 1011 427 1047 observari
452 1023 603 1046 necesse
631 1023 711 1046 esse
738 1010 809 1045 nisi
834 1010 871 1045 in
899 1010 1120 1054 regionibus,
1147 1010 1209 1044 ubi
1238 1010 1490 1055 promulgatus
1517 1012 1617 1044 esset
1638 1011 1724 1053 (474
1742 1011 1811 1046 486
1840 1012 1909 1046 529
1930 1011 2038 1055 744);

240 1078 331 1110 quas
358 1066 562 1101 sententias
597 1065 703 1100 hodie
739 1077 844 1099 nemo
879 1064 1073 1108 theologus
1108 1065 1339 1110 probaverit:
1376 1065 1432 1098 Ita
1460 1064 1629 1099 Canisius
1659 1064 1732 1099 illis
1768 1065 1872 1100 annis
1899 1066 2040 1110 synodo

240 1121 437 1156 basileensi
468 1132 548 1155 eam
587 1120 772 1154 tribuebat
808 1119 1085 1160 auctoritatem,
1130 1131 1238 1163 quam
1279 1119 1311 1153 ei
1349 1119 1600 1163 denegandam
1640 1131 1721 1154 esse
1760 1122 1887 1165 postea
1926 1120 2038 1155 etiam

240 1175 501 1210 moderatiores
533 1175 629 1209 inter
656 1174 866 1209 Gallicanos
902 1173 1061 1208 confessi
1088 1176 1174 1208 sunt
1203 1173 1318 1217 (888).
1372 1173 1426 1207 Ad
1454 1174 1593 1208 romani
1629 1174 1811 1219 pontificis
1842 1174 2038 1215 primatum

240 1230 506 1264 defendendum
535 1229 633 1263 dicta
659 1228 722 1263 illa
750 1228 1083 1274 pseudocyrilliana
1107 1230 1144 1262 et
1170 1228 1333 1273 spurium
1353 1227 1536 1273 Sylvestri
1557 1227 1803 1262 Constitutum
1830 1228 2041 1273 proferebat

243 1285 304 1328 (79
332 1285 408 1328 87).
454 1283 655 1319 Concilium
682 1283 921 1318 tridentinum
951 1283 986 1317 in
1017 1282 1214 1317 Germania
1240 1293 1425 1327 nunquam
1452 1282 1724 1328 promulgatum
1753 1283 1795 1317 iri
1822 1284 2041 1328 opinabatur

244 1339 360 1383 (486).
414 1338 504 1373 Cum
542 1338 718 1373 Calvinus
755 1337 926 1372 Genevae
963 1337 1221 1381 tranquillam,
1261 1337 1356 1381 quod
1393 1337 1438 1371 ad
1474 1339 1663 1371 externam
1701 1338 1847 1382 quidem
1882 1338 2040 1373 hominis

240 1394 398 1439 speciem
428 1393 580 1434 attinet,
617 1395 771 1427 mortem
808 1392 963 1433 obisset,
1001 1392 1170 1426 Canisius
1206 1392 1327 1425 nescio
1365 1391 1496 1435 quibus
1532 1391 1737 1426 rumoribus
1764 1392 1957 1437 deceptus,
1995 1392 2040 1427 ad

242 1447 464 1482 cardinalem
494 1448 647 1482 Hosium
674 1446 842 1492 scripsit,
871 1458 952 1480 eum
983 1445 1136 1480 Herodis
1164 1447 1280 1480 instar
1307 1445 1622 1491 desperabundum
1651 1448 1686 1480 et
1713 1457 1734 1480 a
1760 1447 1938 1491 pediculis
1965 1459 2039 1481 cor-

241 1515 363 1537 rosum
402 1502 477 1536 vita
506 1501 713 1537 excessisse
743 1501 859 1544 (608).
911 1500 1168 1546 Reprehensus
1205 1504 1262 1535 est
1298 1501 1407 1535 etiam
1435 1512 1456 1535 a
1483 1500 1689 1546 praeposito
1726 1501 1908 1545 generali,
1945 1502 2038 1546 quod

242 1557 376 1592 nimius
412 1558 511 1591 esset
538 1557 573 1590 in
610 1555 778 1602 petendis
814 1567 877 1600 pro
906 1555 1124 1590 Germaniae
1160 1554 1325 1599 collegiis
1361 1554 1567 1589 hominibus
1604 1555 1814 1589 valetudine
1841 1558 1878 1590 et
1904 1556 2043 1591 virtute

242 1611 517 1657 praestantibus
547 1610 634 1654 (234
661 1610 754 1654 574),
783 1612 819 1644 et
846 1609 943 1654 quod
971 1609 1145 1654 pecunias
1171 1609 1266 1643 male
1294 1609 1534 1650 custodisset;
1566 1609 1732 1644 novicius
1759 1609 1854 1643 enim
1882 1610 2041 1654 quidam,

243 1678 323 1700 cum
352 1666 545 1710 Augustae
573 1664 708 1699 Canisii
746 1676 902 1709 coquum
930 1665 1089 1708 egisset,
1126 1663 1209 1698 inde
1236 1663 1452 1707 aufugerat,
1489 1664 1559 1699 200
1586 1664 1728 1698 ducatis
1764 1664 1889 1698 furtim
1916 1676 2040 1699 secum

242 1721 376 1755 ablatis
406 1720 491 1763 (399
518 1719 627 1762 408);
665 1731 783 1763 neque
819 1729 1006 1753 romanam
1043 1718 1349 1763 vituperationem
1387 1718 1536 1762 effugit,
1574 1730 1654 1752 cum
1683 1718 1853 1762 Dilingae
1889 1719 2041 1753 fratrem

242 1775 424 1820 quendam
443 1774 637 1809 Societatis
664 1773 925 1807 scholasticum
945 1772 1066 1807 officio
1092 1773 1260 1807 ianitoris
1286 1772 1541 1813 astrinxisset3
1570 1784 1591 1806 a
1615 1772 1922 1815 „litteratissimo‘
1945 1774 2041 1808 enim

242 1830 386 1864 homine
422 1829 485 1863 illo
512 1828 546 1862 id
574 1828 737 1862 muneris
774 1827 882 1873 plane
918 1839 999 1861 esse
1037 1827 1194 1861 alienum
1235 1828 1318 1870 (707
1348 1827 1447 1870 772).
1505 1826 1603 1861 Haec
1638 1839 1754 1872 paene
1790 1827 1910 1861 omnia
1945 1839 2043 1862 nova

241 1887 346 1925 sunt;
374 1896 416 1918 ea
436 1895 504 1918 non
525 1882 677 1921 occulto,
706 1882 780 1922 sed,
804 1884 845 1916 ut
863 1884 959 1923 sunt,
987 1893 1165 1927 propono3
1194 1881 1238 1915 ad
1258 1881 1431 1915 historiae
1451 1881 1546 1915 enim
1566 1881 1813 1925 integritatem
1833 1882 2042 1917 necessaria

242 1950 322 1973 esse
342 1939 523 1978 videntur,
551 1949 603 1978 ac,
632 1936 717 1981 quia
737 1936 814 1971 viro
833 1937 993 1970 maximo
1020 1936 1242 1978 acciderunt,
1270 1935 1384 1977 nobis,
1412 1936 1473 1980 qui
1493 1936 1650 1970 minores
1669 1935 1727 1970 vel
1746 1936 1886 1970 minimi
1904 1948 2042 1978 sumus,

243 1993 379 2028 solacio
406 2004 487 2026 esse
514 1995 678 2037 possunt.

368 2052 421 2086 12.
458 2052 633 2096 Magnum
670 2063 710 2085 se
747 2050 915 2085 Canisius
951 2050 1007 2084 his
1044 2050 1149 2084 annis
1185 2050 1353 2095 praebuit
1389 2062 1471 2084 cum
1507 2049 1589 2084 aliis
1625 2050 1924 2092 virtutibus,
1961 2053 2038 2085 tum

243 2107 403 2141 maxime
430 2106 660 2140 oboedientia
687 2107 723 2139 et
749 2105 859 2139 animi
887 2105 1116 2139 demissione.
1170 2104 1423 2149 Praepositum
1457 2104 1665 2148 generalem
1692 2104 1886 2139 Societatis
1911 2106 1944 2139 4.
1973 2105 2044 2140 De-

244 2161 400 2196 cembris
418 2162 508 2195 1563
528 2160 683 2204 rogavit,
703 2162 744 2194 ut
761 2159 971 2205 provinciae
988 2159 1206 2193 Germaniae
1224 2159 1422 2203 superioris
1446 2158 1673 2201 „consuleret
1691 2159 1891 2193 mutatione
1910 2159 2043 2205 capitis

243 2217 322 2250 siue
350 2215 630 2255 P1·0uincialis“;
668 2226 749 2248 nam
778 2213 944 2257 collegiis
976 2213 1106 2255 „nolim
1134 2213 1271 2248 diutius
1297 2213 1566 2247 incommodare
1595 2242 1600 2247 .
1631 2241 1637 2247 .
1668 2242 1673 2248 .
1702 2213 1956 2257 indignitatem
1984 2215 2040 2249 sui

247 2270 506 2304 Prouincialis“
549 2269 666 2312 (412).
728 2268 880 2312 Aliquot
919 2267 1104 2301 mensibus
1144 2270 1227 2312 post
1266 2268 1383 2301 eidem
1422 2267 1588 2312 scripsit:
1630 2267 1793 2310 „Mereor
1828 2271 1865 2302 et
1900 2268 2042 2314 accipio

245 2324 374 2359 lubens
409 2323 747 2369 reprehensionem,
785 2323 880 2366 quod
916 2322 1129 2367 patientiam
1158 2324 1194 2356 et
1230 2321 1447 2356 charitatem
1476 2324 1512 2355 et
1538 2321 1852 2365 longanimitatem
1889 2323 2043 2358 morosis

245 2382 282 2414 et
309 2379 470 2422 aegrotis
497 2378 672 2412 fratribus
709 2377 888 2417 debitam,
926 2388 993 2419 ego
1020 2388 1090 2410 non
1118 2376 1291 2410 adferam.
1321 2403 1328 2410 .
1358 2403 1364 2409 .
1394 2404 1400 2410 .
1450 2376 1568 2419 Igitur
1593 2376 1749 2421 supplex
1787 2376 1930 2411 veniam
1957 2379 2042 2422 peto

246 2434 436 2477 neglectae
456 2432 658 2471 charitatis,
683 2434 720 2465 et
739 2434 888 2476 apertae
908 2430 1158 2475 impatientiae
1178 2432 1298 2464 meae*⁴
1325 2431 1442 2473 (5391).
1482 2429 1682 2474 Praepositi
1702 2430 1886 2470 iudicium,
1913 2430 2042 2466 relicta

245 2499 311 2523 sua
338 2487 539 2527 sententia,
576 2485 742 2530 sequitur
771 2485 856 2528 (178
885 2485 954 2519 308
982 2485 1082 2527 510).
1136 2484 1288 2518 Placent
1315 2484 1365 2525 ei,
1403 2496 1495 2528 quae
1527 2486 1673 2527 „sancta
1705 2484 1928 2519 obedientia⁴‘
1961 2497 2041 2520 con-

243 2542 365 2577 stituit
394 2542 476 2585 (421
506 2541 575 2574 424
603 2540 671 2574 683
700 2540 797 2582 777).
847 2539 945 2582 „Non
973 2540 1153 2581 grauatim
1182 2539 1217 2572 in
1241 2539 1387 2573 I'russia
1414 2538 1516 2573 uiuet
1542 2539 1632 2573 duce
1659 2541 1786 2573 sancta
1813 2539 2038 2574 obedientia“

249 2596 363 2639 (609).
404 2595 507 2638 ,Fiat
526 2595 560 2628 in
581 2594 715 2628 Christi
736 2593 879 2627 nominc
898 2593 1069 2627 uoluntas
1090 2605 1158 2626 non
1178 2604 1269 2634 mea,
1289 2593 1351 2626 sed
1370 2592 1588 2638 superioris“
1615 2592 1729 2636 (229).
1762 2594 1815 2627 Ac
1830 2605 1875 2628 m.
1892 2593 2041 2628 Octobri

250 2651 351 2688 1564,
379 2662 459 2684 cum
480 2648 663 2683 laboribus
683 2647 861 2681 moderari
882 2647 1003 2681 iussus
1023 2650 1119 2681 esset
1141 2647 1257 2690 (695),
1285 2646 1491 2692 respoudit:
1523 2646 1739 2689 „Paternam
1759 2647 2040 2682 admonitionem

247 2716 316 2738 non
343 2715 487 2749 possum
516 2714 584 2736 non
612 2705 825 2736 reverenter
853 2701 1035 2746 amplecti.
1082 2700 1230 2735 Utinam
1249 2713 1316 2744 ego
1344 2701 1599 2735 discretionem
1627 2701 1803 2735 virtutum
1833 2705 1984 2736 matrem
2004 2703 2040 2736 in

248 2771 285 2792 re
312 2758 387 2791 ulla
414 2760 538 2791 tenere
565 2768 720 2801 possem,
749 2756 810 2800 qui
838 2767 956 2800 neque
983 2755 1070 2789 mihi
1099 2767 1216 2799 neque
1243 2755 1325 2789 aliis
1353 2755 1541 2789 satisfacio
1568 2756 1697 2800 saepe“
1730 2756 1846 2799 (708).

369 2842 429 2884 At
462 2841 661 2883 Canisius
702 2839 922 2895 plerisque
965 2853 1231 2894 magnopere
1273 2839 1696 2882 satisfaciebat.
1767 2840 1926 2890 „Pater
1958 2840 2040 2882 Ca-

248 2908 426 2964 nisius“‚
471 2907 611 2960 inquit
653 2907 838 2948 Ioannes
881 2905 1140 2947 Franciscus
1174 2905 1520 2947 Commendonus
1563 2905 1793 2960 episcopus
1827 2905 2041 2960 Zacynthi

247 2974 290 3015 in
325 2973 538 3015 relatione
573 2972 695 3015 initio
728 2986 766 3015 a.
807 2974 919 3014 1563
953 2971 1150 3013 Tridenti
1194 2972 1313 3013 iussu
1347 2971 1594 3026 praesidum
1643 2971 1814 3013 concilii
1859 2971 2039 3026 scripta,

255 3039 405 3089 „homo
440 3042 507 3081 est
540 3053 736 3080 summae
770 3040 814 3080 et
848 3037 1026 3080 virtutis
1059 3041 1104 3080 et
1130 3037 1369 3088 doctrinae,
1404 3039 1536 3091 atque
1560 3037 1781 3079 studiosus
1805 3037 2042 3092 potestatis

248 3105 497 3159 pontificiae
531 3104 759 3146 defensor“
800 3104 937 3156 (957).
1003 3102 1221 3145 Canisium
1267 3117 1344 3157 per
1386 3105 1523 3145 totam
1561 3102 1840 3145 Germaniam
1887 3105 2040 3144 aucto-
