2182 3339
295 84 376 113 LIV

357 187 449 223 1564

356 295 449 330 1564

355 457 448 493 1564

355 620 448 655 1564

354 782 446 817 1564

355 890 447 925 1564

355 1057 448 1091 1564

357 1168 447 1202 1564

355 1277 447 1312 1564

346 1411 459 1453 1564

353 1488 445 1523 1564

345 1678 458 1719 1564

353 1827 444 1861 1564

343 1906 457 1948 1564

340 2045 454 2086 1564
507 2084 509 2088 ,

347 2262 438 2296 1564

347 2370 437 2405 1564
505 2362 506 2423 ξ

346 2479 437 2513 1564

346 2642 437 2675 1564

347 2750 436 2784 1564

347 2858 436 2891 1564
503 2837 504 2857 ³

346 2966 436 2999 1564

348 3074 436 3108 1564
503 3050 504 3056 ¹

756 71 819 106 ΙΙΙ.
856 71 1018 107 Tabulae
1045 73 1324 119 chronologicae
1350 77 1450 111 vitae
1479 77 1627 112 Canisii.

613 188 723 223 Mart.
753 189 809 223 27.

615 296 724 331 Mart.
753 297 810 332 29.

614 458 722 494 Mart.
752 458 809 494 30.

612 623 722 659 Mart.
750 624 807 659 31.

633 786 720 832 Apr.
748 788 780 822 2.

632 896 720 941 Apr.
749 896 781 930 3.

631 1061 719 1107 Apr.
747 1062 780 1097 4.

632 1173 720 1218 Apr.
749 1174 780 1208 9.

530 1292 577 1316 ni.
604 1281 721 1326 Aprili
753 1282 809 1325 (ut
836 1283 887 1317 vi-

646 1336 767 1381 detur)

599 1416 705 1471 Apr.
745 1418 812 1460 12.

618 1494 705 1539 Apr.
737 1494 791 1528 14.

570 1682 701 1737 paulo
735 1685 836 1737 post

602 1750 669 1792 14.
704 1750 810 1804 Apr.

510 1882 511 1898 ¹
614 1832 703 1877 Apr.
733 1833 788 1867 17.

525 1914 630 1954 ante
668 1913 737 1955 25.
773 1913 881 1967 Apr.

568 2051 699 2105 paulo
735 2054 838 2094 ante

613 2119 649 2160 1.
685 2117 792 2160 Maii

626 2266 714 2300 Maii
745 2267 774 2301 1.

626 2374 712 2408 Maii
742 2375 773 2408 7.

626 2482 712 2516 Maii
740 2482 774 2517 8.

624 2644 712 2678 Maii
740 2644 772 2678 9.

609 2752 695 2786 Maii
728 2753 780 2787 10.

608 2860 694 2894 Maii
727 2862 779 2895 11.

609 2968 696 3003 Maii
728 2970 779 3003 14.

608 3076 695 3110 Maii
724 3078 779 3111 21.

909 187 967 224 'R
995 190 1039 225 II.
1069 190 1130 236 (ad
1159 192 1194 227 S.
1222 193 1386 236 Ioannis,
1421 197 1462 230 ut
1488 195 1649 240 videtur)
1680 196 1723 231 de
1750 197 1921 242 passione
1951 196 2096 242 (‚,domo

990 245 1194 291 Caiphae“)
1222 248 1454 283 contionatur
1483 249 1597 294 (833).

909 298 966 333 F
994 299 1055 334 IV.
1093 312 1200 335 mane
1238 301 1299 346 (ad
1336 302 1370 338 S.
1408 303 1572 345 Ioannis,
1612 307 1653 339 ut
1689 305 1850 349 videtur)
1889 305 2096 351 passionem

991 353 1127 389 Christi
1161 355 1246 399 („de
1283 357 1536 402 desperatione
1564 358 1674 393 Iudae
1711 361 1747 393 et
1783 359 1886 394 domo
1913 359 2025 394 Pilati
2060 363 2096 395 et

990 408 1185 454 Herodis“)
1216 414 1364 446 enarrat
1394 412 1510 457 (833).

928 462 966 497 F.
986 463 1029 498 V.
1057 463 1094 497 in
1122 464 1242 499 Coena
1270 465 1414 500 Domini
1440 469 1524 512 post
1550 467 1743 512 prandium
1769 467 1807 502 in
1833 467 1968 513 templo
1988 467 2022 503 S.
2042 468 2095 503 Io-

987 518 1094 553 annis
1121 519 1164 553 de
1185 519 1330 554 Christo
1356 521 1516 564 flagellis
1543 533 1661 563 caeso,
1688 521 1804 567 spinis
1832 524 2002 557 coronato
2026 524 2095 557 etc.

989 573 1223 607 contionatur
1253 574 1369 618 (833).

926 625 964 660 F.
993 626 1054 661 Vi.
1082 627 1119 661 in
1148 628 1355 663 Parasceve
1388 629 1480 664 duas
1516 630 1702 664 contiones
1737 629 1847 665 habet
1884 629 2095 675 (utramque

988 681 1047 715 vel
1084 682 1215 716 saltem
1253 695 1362 717 unam
1398 683 1434 718 in
1470 684 1606 730 templo
1634 683 1669 718 S.
1696 684 1859 729 loannis)
1887 684 1931 719 de
1959 684 2094 720 Christi

988 747 1105 776 cruce,
1132 738 1260 778 morte,
1287 737 1479 783 sepultura
1505 740 1574 773 etc.
1605 738 1721 783 (833).

907 790 1030 826 :Dom.
1052 790 1246 826 Paschatis
1273 792 1308 826 in
1336 792 1424 827 eccl.
1452 793 1658 828 cathedrali
1685 793 1728 828 de
1755 792 1852 828 sacri
1878 793 1949 827 diei
1977 793 2094 828 excel-

990 844 1101 879 lentia
1129 848 1165 880 et
1190 848 1291 880 recto
1318 858 1385 881 usu
1415 847 1645 882 contionatur
1675 848 1790 891 (833).

928 899 964 935 F.
984 900 1029 934 Π.
1054 900 1249 935 Paschatis
1279 900 1438 945 (ibidem,
1465 904 1507 936 ut
1532 902 1694 946 videtur)
1715 902 1759 936 de
1779 901 1915 937 Christi
1935 904 1972 936 et
1992 900 2093 936 Chri-

987 955 1191 989 stianorum
1218 956 1485 990 resurrectione
1513 959 1550 990 et
1577 957 1620 990 de
1647 968 1778 1000 evang.
1808 956 1878 990 diei
1905 958 2005 991 recte
2031 956 2091 991 ad-

987 1008 1143 1043 bibendo
1171 1010 1404 1045 contionatur
1432 1010 1548 1055 (833).

927 1063 965 1098 F.
985 1063 1048 1099 ΙΙΙ.
1074 1064 1267 1099 Paschatis
1287 1064 1448 1109 (ibidem,
1477 1067 1517 1099 ut
1535 1065 1694 1109 videtur)
1717 1065 1760 1099 de
1780 1076 1910 1108 evang.
1931 1064 2002 1099 diei
2021 1066 2090 1099 etc.

989 1118 1075 1153 dicit
1106 1118 1221 1163 (834).

928 1172 1031 1207 Dom.
1061 1173 1095 1207 in
1124 1173 1227 1208 Albis
1255 1173 1290 1207 in
1318 1173 1405 1208 eccl.
1437 1173 1640 1208 cathedrali
1676 1173 1719 1208 de
1757 1174 1833 1207 vita
1870 1175 2019 1208 aeterna
2055 1175 2092 1207 et

989 1227 1032 1261 de
1059 1239 1190 1271 evang.
1218 1228 1289 1262 diei
1316 1228 1548 1262 contionatur
1576 1227 1691 1272 (834).

928 1281 1016 1315 Cum
1047 1282 1085 1317 P.
1116 1281 1270 1316 Elderen
1298 1282 1525 1317 sacerdotem
1559 1281 1948 1317 weissenhorniensem
1974 1282 2090 1317 sacris

988 1337 1176 1371 exercitiis
1203 1337 1340 1371 excolit
1370 1337 1509 1381 (1043).

927 1414 1151 1471 Dilingaln
1175 1416 1298 1459 venit
1331 1416 1384 1458 ad
1418 1430 1489 1458 res
1513 1415 1687 1469 collegii
1708 1415 1924 1458 iuvandas
1947 1413 2086 1468 (496).

930 1494 1131 1527 Cassandri
1151 1491 1503 1538 „Consultationenffl
1531 1494 1572 1526 de
1590 1494 1836 1527 communione
1852 1492 1917 1526 sub
1937 1496 2089 1536 utraque

983 1550 1097 1591 specie
1138 1550 1311 1592 scriptam
1351 1549 1501 1581 Romam
1541 1548 1589 1580 ud
1627 1548 1804 1581 Lamiam
1839 1548 2088 1590 praeposil‘um

981 1602 1182 1646 yeneralem
1208 1604 1315 1636 mittit
1344 1601 1430 1646 (499
1458 1602 1556 1645 507).

925 1680 1246 1736 Ingolstadium
1280 1680 1335 1723 ad
1369 1679 1605 1723 Societatis
1638 1679 1869 1733 collegium
1900 1678 2087 1722 visitan-

984 1747 1083 1789 dum
1118 1747 1407 1802 proficiscitur
1440 1745 1579 1800 (499).

923 1830 1140 1874 Ingolstadii
1167 1833 1331 1865 moratur
1362 1829 1477 1874 (501).

922 1907 1184 1964 Angustam,
1218 1911 1271 1953 ab
1295 1910 1459 1953 Ursula
1482 1909 1687 1963 Fuggera
1711 1910 1935 1959 evocatus,
1970 1907 2085 1950 redit

982 1978 1086 2027 (512
1123 1977 1241 2029 932).

921 2049 1110 2091 Ursulae
1144 2050 1374 2104 Fuggerae
1416 2051 1575 2103 rogatu
1610 2046 1963 2090 Weissenhornii
2005 2059 2083 2088 ex-

980 2116 1189 2158 orcismos
1212 2115 1391 2159 adhibet
1414 2118 1459 2158 et
1477 2118 1758 2170 peccatorum
1782 2113 2081 2155 confessiones

979 2182 1143 2237 excipit
1178 2182 1348 2236 (1043).

918 2264 984 2298 Die
1004 2264 1064 2298 SS.
1085 2263 1245 2309 Philippi
1273 2266 1309 2297 et
1338 2262 1455 2297 iacobi
1476 2264 1568 2307 App.
1587 2260 1779 2307 Augustae
1799 2261 1833 2295 in
1852 2260 1938 2295 eccl.
1959 2260 2080 2295 cathe-

978 2318 1069 2352 drali
1097 2318 1141 2352 de
1162 2318 1259 2352 vitae
1277 2320 1448 2352 aeternae
1467 2316 1694 2351 beatitudine
1713 2315 1943 2350 contionatur
1963 2314 2079 2359 (834).

916 2372 1017 2407 Dom.
1043 2372 1082 2407 V.
1112 2374 1193 2417 post
1212 2371 1356 2406 Pascha
1382 2371 1526 2409 ibidem,
1558 2371 1757 2415 „quomodo
1785 2380 1958 2415 praesens
1978 2381 2079 2403 inun-

978 2427 1045 2461 dus
1073 2427 1169 2461 circa
1197 2426 1397 2460 orationem
1424 2438 1463 2459 se
1490 2424 1658 2463 habeat‘,
1686 2424 1835 2469 exponit
1865 2423 1981 2467 (834).

917 2481 954 2516 F.
984 2482 1027 2515 11.
1058 2480 1300 2525 Rogationum
1328 2491 1433 2513 mane
1461 2482 1545 2513 anto
1573 2479 1839 2524 processionem
1875 2479 1909 2512 in
1942 2477 2078 2523 templo

978 2535 1012 2570 S.
1033 2535 1178 2569 loannis
1205 2535 1248 2568 de
1276 2533 1568 2580 processionibus
1595 2544 1638 2567 ac
1657 2533 1700 2566 de
1719 2532 1894 2567 orationis
1913 2532 2077 2566 efficacia

977 2589 1209 2624 contionatur
1238 2589 1354 2633 (834).

895 2644 954 2679 ¹1³.
984 2644 1044 2678 111.
1075 2644 1317 2687 Rogationum
1356 2654 1460 2676 mane
1498 2641 1630 2676 ibidem
1671 2642 1712 2676 10
1740 2652 1881 2675 errores
1917 2641 1961 2675 ad
1999 2651 2076 2674 ora-

975 2699 1108 2732 tionem
1137 2699 1347 2743 spectantes
1373 2697 1511 2731 refutat
1539 2696 1654 2739 (834).

895 2753 951 2787 ¹1³.
976 2753 1034 2786 iv.
1063 2752 1154 2795 ltog.
1184 2764 1288 2785 manc
1315 2751 1447 2785 ibidem
1475 2750 1634 2795 exponit,
1663 2762 1727 2784 cur
1754 2749 1852 2783 Deus
1879 2747 2075 2783 multorum

975 2806 1155 2840 orantium
1172 2805 1267 2839 votis
1283 2817 1351 2839 non
1364 2805 1460 2839 adsit
1472 2807 1507 2838 et
1519 2803 1696 2848 quomodo
1709 2803 1757 2837 sit
1769 2803 1944 2837 orandum
1958 2802 2073 2847 (834).

916 2860 980 2894 Die
1008 2859 1242 2894 Ascensionis
1270 2858 1411 2893 Domini
1442 2859 1475 2892 in
1512 2857 1666 2892 ecclesia
1703 2856 1904 2891 cathedrali
1941 2857 2074 2891 contio-

975 2918 1083 2949 natur
1112 2914 1162 2957 (‘?)
1196 2913 1311 2955 (835).

894 2978 895 3015 ;
916 2969 1015 3003 Doni.
1036 2968 1131 3002 infra
1147 2968 1276 3002 Octav.
1293 2969 1442 3001 Ascens.
1464 2966 1594 3000 ibidem
1614 2965 2069 3008 „exconiiiiunicati01iuni“

894 3054 895 3060 ,
975 3023 1172 3056 utilitatem
1200 3024 1236 3055 et
1263 3021 1518 3055 necessitatem
1547 3020 1759 3065 comprobat
1786 3018 1902 3062 (835).

916 3077 1016 3111 Dom.
1048 3077 1282 3110 l'entecostes
1311 3077 1499 3118 Augustae
1528 3075 1561 3107 in
1598 3074 1751 3108 ecclesia
1787 3072 1987 3107 cathedrali
2029 3073 2072 3107 de

975 3130 1067 3165 sacri
1097 3130 1165 3164 diei
1195 3130 1333 3163 ratione
1361 3131 1531 3173 rectoque
1559 3140 1624 3162 usn
1653 3127 1740 3161 dicit
1770 3127 1885 3169 (835).
