2182 3339
224 98 374 126 XXXVI
782 82 826 116 11.
864 81 1095 116 Prooemium
1122 81 1318 116 voluminis
1347 82 1478 126 quarti.

223 201 260 236 in
292 202 424 246 quibus
462 213 620 236 errorem
658 200 760 235 illum
788 212 809 235 a
837 200 981 235 Canisio
1017 200 1096 246 ipso
1132 200 1315 246 prolatum
1350 213 1431 236 esse
1467 201 1726 236 affirmaretur.
1778 201 1855 236 Hoc
1881 202 2025 236 tantum

223 267 254 291 a.
277 257 369 291 1564
388 256 552 291 canonici
571 256 692 300 questi
711 257 815 290 sunt:
843 254 997 299 Aliquos
1017 267 1061 289 ex
1081 255 1297 289 Iesuitarum
1327 255 1528 290 cultoribus
1554 255 1715 301 ipsorum
1743 267 1848 290 sacra
1875 255 2025 290 meliora

222 313 352 355 putare
378 322 487 355 quam
513 321 618 345 sacra
645 309 800 344 aliorum
825 309 1075 344 sacerdotum:
1104 321 1222 354 neque
1243 309 1429 343 Canisium
1457 309 1564 355 culpa
1592 321 1744 350 vacare;
1773 321 1854 343 eum
1874 309 2025 344 enimin

223 364 452 399 contionibus
469 364 521 399 ita
539 364 700 399 locutum
721 375 812 405 esse,
831 375 874 398 ac
891 363 923 398 si
942 363 1162 405 sacerdotes,
1190 363 1251 408 qui
1276 363 1319 398 de
1339 363 1521 398 Societate
1539 364 1622 398 18311
1649 376 1719 398 11011
1747 365 1880 405 8338111,
1906 374 2024 408 neque

223 421 491 453 sacramentum
513 418 759 464 paenitentiae
778 419 876 452 recte
895 417 1207 459 administrarent,
1234 429 1352 462 neque
1372 419 1507 452 missae
1526 418 1748 453 sacrificium
1766 417 1836 452 rite
1854 417 2025 452 offerrent

227 472 313 517 (544
340 472 560 517 677--678).
613 472 696 518 Ipse
723 474 846 506 autem
875 471 1044 506 Canisius
1070 472 1206 506 litteris
1233 473 1278 506 ad
1306 472 1506 517 capitulum
1534 472 1676 507 missis:
1715 471 1942 514 „Ridiculum
1969 473 2026 505 est

222 527 364 572 plane“,
400 527 539 572 inquit,
572 527 686 571 ⁷‚quod
714 527 856 570 fingunt
883 526 1050 570 quidam,
1087 527 1298 571 propterea“
1330 529 1456 561 nostra
1487 538 1612 569 „sacra
1638 526 1866 571 frequentari
1891 525 2022 569 magis,

223 581 325 616 uelut
351 593 444 626 quae
468 582 619 616 meliora
647 582 683 615 81
709 580 893 615 sanctiora
920 579 1004 622 sint,
1032 592 1141 625 quam
1169 580 1322 614 aliorum
1343 580 1625 622 Sacerdotun1“;
1653 580 1684 615 si
1712 580 1798 625 quid
1825 582 1948 614 autem
1973 580 2024 613 in-

223 635 324 670 sulse
351 636 393 670 de
422 635 607 670 Sociorum
642 635 759 670 sacris
796 635 997 677 diceretur,
1034 646 1055 668 a
1082 634 1306 669 mulierculis
1342 634 1377 668 id
1415 634 1485 669 dici
1520 646 1638 680 neque
1671 634 1846 669 Societati
1881 633 2024 668 crimini

224 690 301 724 dari
337 702 444 735 posse
485 690 722 734 (557—5-58).
784 689 982 723 Pulchrum
1019 690 1075 723 est
1110 700 1217 734 porro
1254 691 1291 723 et
1326 689 1449 723 nescio
1485 701 1555 733 quo
1594 692 1700 735 pacto
1740 688 1858 723 adhuc
1895 699 2023 733 parum

223 744 530 787 animadversum,
548 755 739 789 supremos
758 743 953 778 Societatis
972 743 1054 777 Iesu
1073 743 1321 777 moderatores
1339 743 1375 777 in
1396 743 1492 777 omni
1510 743 1578 778 hac
1597 745 1818 788 tempestate
1837 742 2023 777 Sociorum

224 803 509 842 augustanorum
548 798 680 834 animis
716 798 886 832 sedandis
925 797 1158 843 praecipuam
1200 809 1348 842 operam
1388 797 1542 833 dedisse.
1603 797 1753 832 Lainius
1791 796 2024 842 praepositus

224 853 421 887 identidem
458 865 519 887 eos
555 852 838 887 adhortabatur:
875 852 926 886 Ut
956 851 1160 895 „suaviter“
1200 854 1354 895 agerent
1392 852 1517 896 (613);
1553 852 1739 893 viderent,
1775 863 1820 885 ne
1847 851 1891 885 ob
1916 862 2023 886 sacra

225 907 447 949 ministeria,
476 919 569 952 quae
595 907 664 953 ipsi
692 907 843 948 obirent,
870 906 1003 950 reliqui
1030 906 1241 940 sacerdotes
1268 906 1524 940 emolumentis
1550 906 1789 952 pecuniariis,
1825 916 1920 950 quae
1947 905 2024 939 iure

225 961 269 996 iis
296 962 522 1003 obvenirent,
550 963 718 996 carerent
746 960 871 1005 (736);
908 960 1116 995 reverentia
1143 963 1180 995 et
1206 961 1362 995 caritate
1389 960 1588 1006 capitulum
1616 962 1942 1006 prosequerentur;
1980 959 2023 993 de

225 1015 404 1060 capitulo,
441 1016 614 1060 quicquid
642 1015 724 1050 boni
753 1015 872 1050 dicere
902 1017 1070 1060 possent,
1108 1015 1290 1056 dicerent3
1327 1017 1516 1057 curarent,
1552 1017 1592 1049 ut
1618 1015 1703 1049 laici
1738 1025 1880 1059 quoque
1906 1014 1958 1048 ita
1983 1025 2023 1048 se

224 1073 394 1114 gererent
422 1070 508 1113 (663
537 1070 606 1105 674
634 1070 702 1105 686
731 1070 800 1104 719
829 1070 927 1114 736).

347 1125 379 1159 7.
407 1124 582 1167 Quoniam
611 1125 654 1159 de
674 1124 810 1159 Canisii
836 1123 1151 1158 contionibus
1178 1135 1288 1168 agere
1315 1123 1427 1169 coepi,
1456 1123 1627 1168 quicquid
1655 1123 1698 1157 de
1726 1122 1770 1157 iis
1797 1122 1916 1156 dicere
1942 1133 2021 1167 pro-

224 1189 427 1223 posueram,
456 1179 523 1213 hoc
549 1179 628 1213 loco
655 1178 798 1212 addam.
852 1178 907 1212 Ex
933 1177 1118 1212 codicibus
1145 1177 1353 1212 contionum
1380 1177 1484 1211 modo
1511 1176 1722 1211 memoratis
1748 1179 1785 1210 et
1811 1188 1857 1210 ex
1883 1176 2023 1220 aliquot

223 1231 402 1267 similibus
438 1232 506 1267 hoc
542 1233 788 1276 intellegitur:
827 1232 994 1266 Canisius
1021 1232 1066 1266 ab
1094 1231 1196 1266 initio
1223 1243 1269 1266 m.
1298 1231 1457 1266 Ianuarii
1485 1243 1516 1266 a.
1547 1231 1638 1265 1563
1666 1231 1711 1265 ad
1747 1232 1941 1265 exeuntem
1968 1230 2022 1264 Ia.—

222 1287 390 1322 nuarium
418 1299 450 1322 a.
480 1288 571 1322 1565
603 1288 644 1322 18
671 1287 868 1328 mensibus,
896 1286 1027 1330 quibus
1046 1287 1237 1329 Augustae
1265 1286 1432 1330 degebat,
1459 1286 1593 1321 ibidem
1619 1285 1695 1320 fere
1723 1284 1914 1320 200-210
1941 1295 2022 1318 8011·

223 1340 341 1375 tiones
368 1341 513 1382 habuit;
542 1342 604 1383 ita,
631 1343 672 1375 ut
698 1340 866 1386 exempla
895 1340 1034 1384 aliquot
1060 1352 1201 1385 ponam,
1228 1352 1293 1385 per
1320 1352 1465 1375 sacrum
1484 1340 1693 1374 Adventum
1720 1338 1806 1373 anni
1837 1338 1927 1374 1563
1951 1338 2020 1373 sin-

223 1395 321 1438 gulis
347 1396 564 1441 septimanis
590 1398 648 1430 ter
674 1395 905 1430 contionatus
932 1397 1008 1435 est;
1036 1406 1067 1429 a.
1091 1395 1182 1429 1564
1202 1406 1267 1440 per
1286 1393 1612 1438 Quadragesimam
1630 1394 1787 1438 singulis
1806 1393 2022 1438 septimanis

222 1449 266 1484 ad
295 1453 502 1494 quaternas,
535 1462 627 1494 quas
654 1449 774 1484 officio
801 1449 934 1483 habere
962 1448 1127 1489 debebat,
1155 1449 1342 1483 contiones
1369 1449 1462 1483 2-3
1490 1448 1672 1483 orationes
1699 1447 1954 1489 8318811811833,
1980 1449 2022 1481 ut

221 1503 377 1546 videtur,
405 1505 561 1539 addebat
591 1503 827 1548 (839-842).
870 1502 977 1537 Multi
1006 1503 1051 1537 ad
1078 1514 1159 1537 eum
1187 1503 1406 1537 audiendum
1434 1502 1699 1537 concurrebant
1720 1502 1807 1546 (754
1833 1501 1902 1536 842
1921 1500 2020 1545 843),

223 1569 270 1591 ex
288 1558 419 1602 quibus
444 1561 567 1593 tamen
593 1557 757 1592 nonnulli
788 1558 996 1600 „censores“
1027 1557 1149 1602 potius
1176 1568 1284 1601 quam
1312 1557 1496 1592 auditores
1515 1568 1595 1591 esse
1615 1556 1647 1591 ei
1666 1556 1885 1590 videbantur
1905 1555 2020 1599 (844).

223 1611 457 1656 Singulorum
485 1613 623 1648 dierum
660 1623 848 1647 sacrorum
884 1611 1078 1656 evangelia
1115 1611 1299 1657 explicare
1327 1611 1403 1645 fere
1439 1623 1626 1656 nunquam
1662 1610 1874 1654 omittebat;
1911 1609 2020 1644 simul

222 1669 345 1701 tamen
372 1667 445 1702 alia
481 1667 659 1712 quaedam
695 1666 764 1701 sibi
800 1666 969 1700 sumebat
1004 1665 1176 1700 continua
1212 1666 1419 1700 contionum
1456 1666 1551 1700 serie
1588 1664 1838 1710 explananda,
1874 1666 2020 1709 1111110-

223 1721 385 1765 phetiam
412 1722 539 1764 lonae,
566 1732 702 1767 poenas
728 1722 930 1762 tartareas,
958 1721 1142 1755 canticum
1169 1720 1258 1754 illud
1285 1720 1403 1754 Isaiae
1431 1732 1508 1765 cap.
1540 1720 1601 1761 12,
1628 1719 1763 1754 missae
1789 1718 2020 1761 sacrificium,

223 1775 398 1819 Decalogi
426 1778 622 1821 praecepta
649 1776 711 1810 IV.
740 1778 776 1809 et
806 1774 866 1816 V.;
904 1775 976 1809 tria
1004 1775 1099 1809 enim
1127 1775 1244 1819 prima
1270 1774 1519 1819 superioribus
1546 1774 1650 1808 annis
1687 1775 1908 1818 exposuerat
1936 1772 2022 1815 (818

223 1829 268 1864 ad
296 1830 403 1874 840);
441 1830 477 1864 in
505 1833 635 1875 quarto
663 1832 786 1864 autem
812 1832 1006 1875 praecepto
1033 1830 1193 1863 maxime
1229 1829 1392 1863 instabat
1419 1829 1462 1863 de
1488 1828 1714 1862 oboedientia
1742 1827 2020 1871 magistratibus

224 1884 485 1919 ecclesiasticis
525 1884 766 1930 praestanda,
807 1884 1077 1925 demonstrans,
1118 1886 1254 1927 quanto
1294 1884 1458 1929 potestas
1497 1882 1750 1917 ecclesiastica
1788 1880 1886 1916 civili
1922 1883 2020 1916 esset

224 1938 357 1978 maior;
395 1950 503 1983 quam
530 1941 636 1982 turpe
663 1940 761 1973 esset
792 1940 981 1983 peccatum
1009 1937 1261 1972 sacerdotibus
1296 1938 1489 1978 resistere,
1526 1936 1799 1971 ecclesiasticae
1826 1935 2020 1981 potestatis

225 1992 439 2027 exercitium
467 1993 661 2038 impedire,
693 1992 787 2026 bona
815 1992 991 2026 ecclesiae
1018 1992 1181 2033 auferre,
1219 1992 1354 2026 clerum
1384 1994 1615 2026 contemnere
1645 1990 1731 2034 (560
1757 1990 1827 2024 822
1853 1990 1922 2024 823
1950 1989 2018 2024 847

224 2047 269 2081 ad
297 2048 366 2082 849
393 2047 492 2090 862).
545 2046 755 2092 Optandum
783 2046 892 2080 etiam
920 2057 999 2080 esse
1026 2046 1234 2080 affirmabat
1263 2046 1314 2090 (id
1342 2046 1436 2090 quod
1464 2057 1484 2079 a
1511 2045 1664 2079 Suebiae
1690 2043 1914 2089 principibus
1941 2055 2019 2088 pro-

223 2101 447 2135 testantibus
474 2101 597 2146 aliqua
624 2113 670 2135 ex
696 2103 801 2146 parte
828 2101 966 2135 factum
994 2103 1049 2134 est
1079 2099 1240 2144 [467⁵]),
1278 2102 1317 2134 ut
1345 2099 1511 2134 homines
1535 2111 1599 2144 per
1624 2099 1865 2143 magistratus
1892 2097 2019 2132 civiles

224 2155 269 2190 ad
296 2155 420 2190 ieiunii
448 2158 484 2189 et
510 2155 755 2190 abstinentiae
782 2155 883 2199 leges
910 2154 1111 2189 servandas
1139 2157 1358 2198 cogerentur
1386 2154 1501 2198 (855).
1546 2153 1625 2188 Hoc
1652 2164 1795 2197 quoque
1822 2151 2018 2195 Augustini

224 2210 449 2254 aliorumque
486 2212 652 2245 veterum
688 2209 908 2244 auctoritate
943 2209 1064 2254 palam
1102 2209 1364 2249 contendebat,
1401 2211 1440 2243 ut
1467 2208 1649 2253 principes
1677 2206 1847 2241 catholici
1873 2206 1909 2239 in
1936 2205 2018 2240 hae-

224 2264 356 2299 reticos
393 2264 429 2298 vi
465 2266 619 2308 agerent
657 2264 780 2308 (852);
829 2263 865 2297 id
910 2263 1063 2307 denique
1102 2263 1399 2304 commendabat,
1451 2265 1491 2297 ut
1526 2263 1765 2306 magistratus
1804 2261 1897 2294 sacri
1936 2271 2017 2294 cum

223 2318 393 2353 civilibus
412 2318 527 2352 amice
546 2318 785 2360 iungerentur
805 2317 920 2361 (847).
966 2317 1241 2351 111111138111313111
1261 2317 1396 2351 Beatae
1416 2316 1554 2350 Mariae
1572 2315 1727 2359 virginis
1745 2313 2017 2359 conceptionem

223 2372 426 2418 perspicuis
452 2372 575 2406 verbis
601 2371 845 2417 proclamavit
873 2371 988 2415 (888).
1041 2371 1248 2406 Catholicos
1275 2371 1369 2405 serio
1397 2370 1630 2412 hortabatur,
1658 2381 1702 2403 ne
1729 2368 2017 2414 protestantibus

224 2427 356 2461 liberos
383 2426 620 2472 baptizandos
648 2426 836 2460 traderent
866 2426 966 2469 (850)
996 2438 1088 2460 neve
1125 2425 1235 2460 libros
1270 2427 1461 2470 suspectos
1497 2424 1662 2468 legerent
1696 2423 1782 2467 (838
1809 2423 1894 2466 862)
1925 2433 2017 2456 neve

224 2492 305 2515 cum
332 2480 416 2514 fidei
444 2480 646 2515 catholicae
681 2480 992 2525 contemptoribus
1028 2480 1284 2514 commercium
1321 2479 1498 2513 haberent
1526 2478 1640 2522 (849),
1677 2477 1740 2512 sed
1775 2479 1852 2511 tum
1889 2477 2016 2522 opibus

223 2538 300 2569 tum
328 2535 436 2569 factis
462 2546 538 2568 rem
565 2534 782 2568 catholicam
810 2534 997 2575 iuvarent;
1026 2536 1226 2579 temporum
1255 2533 1432 2568 rationem
1460 2533 1617 2577 exigere.
1645 2535 1685 2566 ut
1704 2530 1873 2565 catholici
1899 2530 2017 2574 magis

223 2600 331 2633 quam
368 2591 475 2622 antea
510 2588 645 2623 litteris
680 2589 872 2623 studerent
908 2599 950 2622 ac
986 2587 1098 2622 libros
1134 2588 1177 2622 ad
1214 2587 1321 2621 fidem
1359 2586 1647 2630 cognoscendam
1679 2588 1716 2619 et
1751 2584 2014 2619 defendendam

224 2643 333 2677 utiles
351 2646 388 2677 et
405 2643 609 2677 scriberent
627 2645 664 2677 et
682 2643 849 2686 legerent
870 2642 955 2685 (853
980 2670 986 2677 .
1031 2643 1085 2676 Ac
1102 2642 1196 2677 sicut
1215 2642 1494 2686 superstitiones
1513 2640 1594 2674 illas
1614 2640 1796 2674 variorum
1816 2638 2013 2683 signorum,

224 2697 436 2739 herbarum,
474 2697 764 2731 benedictionum
803 2696 1031 2741 improbabat
1068 2699 1104 2730 et
1140 2696 1372 2741 vituperabat
1403 2695 1526 2738 (880),
1563 2695 1614 2729 ita
1650 2693 1872 2728 exorcismos
1903 2692 2014 2727 eccle-

223 2751 403 2791 siasticos,
431 2752 490 2795 qui
516 2751 675 2785 obsessis
702 2751 978 2791 adhibebantur,
1006 2750 1224 2784 defendebat
1242 2752 1278 2784 et
1296 2750 1470 2784 laudabat
1488 2749 1574 2793 (872
1593 2749 1692 2792 885),
1719 2758 1869 2782 monens
1895 2746 2013 2784 simul,

225 2817 454 2849 nequaquam
481 2805 650 2839 obsessos
687 2817 811 2839 omnes
840 2805 874 2838 in
901 2805 1154 2838 damnatorum
1190 2816 1340 2838 numero
1367 2815 1448 2838 esse
1475 2803 1678 2843 ducendos,
1715 2804 1752 2836 et
1777 2801 1884 2845 longe
1912 2800 2013 2846 peius

224 2859 368 2896 habere,
397 2860 456 2903 qui
484 2862 635 2904 peccata
662 2859 792 2903 gravia
819 2861 1074 2903 perpetrarent
1103 2858 1218 2902 (884).

345 2914 500 2947 Multum
520 2913 697 2958 disputari
725 2916 892 2957 coeptum
920 2914 976 2947 est
994 2924 1034 2946 80
1054 2915 1215 2957 tempore
1235 2912 1277 2945 de
1297 2911 1509 2945 mulieribus
1536 2910 1710 2944 veneficis
1727 2910 1806 2944 sive
1826 2909 1868 2942 de
1886 2908 2012 2951 strigis

227 2966 400 3010 (Hexeu),
429 2978 520 3010 quas
546 2967 738 3001 vocabant.
784 2966 916 3000 Exstat
942 2966 1120 3011 epistulae
1140 2967 1195 3000 20.
1216 2965 1433 3000 Novembris
1462 2966 1553 2999 1563
1573 2976 1594 2999 a
1613 2964 1756 2999 Canisio
1783 2963 1828 2997 ad
1847 2962 2012 2996 Lainium

227 3021 470 3065 praepositum
508 3020 717 3063 generalem
754 3020 861 3054 datae
897 3020 1018 3061 locus,
1055 3033 1076 3054 a
1104 3022 1239 3054 Ioanne
1265 3021 1422 3053 (lans-sen.
1459 3019 1612 3064 primuni
1639 3018 1675 3052 in
1702 3018 1819 3052 lucem
1847 3015 2011 3056 emissus,

227 3074 354 3108 deinde
381 3086 401 3107 a
428 3075 589 3118 Riezler,
627 3075 865 3118 I)e'‹¹fenbach‚
902 3075 1027 3112 Duhr,
1062 3075 1198 3108 Paulus
1224 3074 1282 3107 vel
1310 3073 1488 3118 repetitus
1515 3073 1574 3107 vel
1601 3071 1924 3109 commemoratus,
1951 3069 2011 3103 ubi

229 3128 414 3169 Canisius,
450 3140 538 3162 suae
566 3129 698 3162 aetatis
725 3140 843 3169 more,
872 3128 915 3162 de
943 3127 1156 3162 mulieribus
1184 3127 1256 3162 illis
1283 3127 1392 3168 haec,
1424 3129 1569 3172 praeter
1594 3126 1685 3167 alia,
1712 3126 1843 3160 refert:
1888 3123 2010 3166 „Tem-
