2182 3339
255 91 407 120 XLVIII

317 197 409 232 1563

309 386 423 429 1563

309 592 423 634 1563

319 735 409 770 1563

318 844 411 880 1563

318 952 410 989 1563

319 1170 410 1207 1563

319 1280 411 1315 1563

320 1552 412 1588 1563

312 1741 425 1784 1563

314 2014 425 2056 1563

320 2150 412 2185 1563

314 2393 425 2434 1563

315 2532 425 2574 1563

313 2670 426 2711 1563

322 2811 411 2845 1563

322 2918 412 2953 1563

521 1738 640 1782 inter
676 1742 744 1783 10.
781 1743 826 1784 et

714 78 777 113 III.
814 78 975 114 Tabulae
1003 79 1280 124 chronologicae
1307 82 1406 117 vitae
1435 81 1581 117 Canisii.

577 196 679 242 Sept.
708 197 765 232 21.

519 383 638 427 inter
673 386 742 429 22.
779 388 824 428 et

556 452 627 495 28.
663 452 783 508 Sept.

555 590 677 646 Sept.
713 593 784 636 30.

631 734 713 771 Oct.

601 843 682 879 Oct.
711 845 745 880 2.

601 951 682 988 Oct.
712 954 746 989 3.

554 1169 622 1204 sub
651 1171 682 1205 7.
711 1170 791 1206 Oct.

591 1277 671 1313 Oct.
703 1279 758 1314 10.

552 1550 649 1585 inter
678 1551 732 1586 10.
761 1554 798 1586 et

592 1606 646 1640 15.
675 1605 756 1641 Oct.

572 1808 639 1850 16.
677 1807 774 1851 Oct.

516 2010 611 2054 Oct.
651 2013 718 2055 12.
754 2013 826 2054 vel

494 2078 624 2132 paulo
654 2081 756 2133 post
784 2080 872 2128 17.¹

589 2148 671 2183 Oct.
702 2150 755 2184 17.

571 2390 667 2434 Oct.
705 2393 773 2434 20.

571 2528 668 2572 Oct.
705 2532 774 2572 21.
820 2559 831 2566 »

571 2668 667 2711 Oct.
705 2670 774 2711 22.

523 2810 618 2844 inter
645 2823 690 2845 m.
721 2811 820 2856 Sept.

600 2868 636 2899 et
663 2865 747 2899 Dec.
869 2859 871 2882 ¹

591 2918 671 2953 Oct..
699 2919 756 2953 24.

890 196 956 232 Die
976 197 1011 232 S.
1032 198 1212 234 Matthaei
1231 201 1299 245 Ap.
1327 200 1461 235 ibidem
1489 213 1534 236 ex
1553 201 1746 246 evangelio
1766 201 1836 237 diei
1856 203 1899 237 de
1919 202 2054 239 Christi

950 252 1179 296 benignitate
1207 256 1243 288 et
1270 254 1313 289 de
1344 255 1604 297 „conversione
1628 256 1833 301 peccatoris
1851 257 2050 292 Matthaei“

951 306 1039 341 dicit
1068 306 1184 353 (823).

889 383 1107 427 Monachii
1146 386 1442 438 „visitationi“
1481 387 1677 443 collegii,
1722 403 1852 442 quam
1889 390 1936 433 P.
1961 390 2055 433 Na-

950 451 1054 494 talis
1077 451 1224 504 habet,
1259 452 1447 497 interest
1469 457 1515 497 et
1537 454 1590 496 de
1614 454 1812 508 collegiis
1834 455 2056 498 bavaricis

952 532 1049 560 cum
1081 518 1267 562 Alberto
1301 520 1353 564 V.
1390 521 1500 563 duce
1534 521 1628 576 agit
1661 520 1801 575 (938).

891 589 972 632 Die
1011 590 1052 634 S.
1098 591 1355 646 Hieronymi
1400 591 1608 648 Dilingac
1652 592 1707 635 ad
1750 593 2056 636 universitatis

951 656 1173 700 studiosos
1207 658 1449 701 orationem
1484 659 1669 702 latinam
1702 659 1837 703 habet
1870 659 2009 715 (913).

838 777 847 784 ς
896 733 1042 767 Gam‘sz'o
1068 739 1220 768 curante
1243 737 1414 780 Dilinyae
1436 737 1640 781 „Epistolae
1657 734 1829 771 Indicae“
1857 748 1935 771 cum
1953 748 2056 781 prae-

949 789 1090 831 fatione
1118 791 1269 824 Ioannis
1301 792 1489 834 Agricolae
1515 792 1747 824 excuduntur
1775 789 1876 834 (984)

893 841 979 876 Can.
998 841 1170 889 Augusta
1189 843 1304 879 Sociis
1331 845 1490 879 romanis
1520 845 1587 880 100
1615 847 1815 887 coronatos,
1844 845 1906 890 qui
1932 847 1970 880 et
1991 856 2056 890 pro

953 896 1088 931 viatico
1115 900 1152 932 et
1177 910 1242 944 pro
1269 899 1364 944 stipe
1391 900 1476 941 sint,
1503 899 1617 934 mittit
1646 899 1761 943 (342).

891 949 994 986 Doni.
1014 951 1148 987 XVIII.
1169 955 1251 998 post
1269 953 1373 988 Pent.
1400 954 1438 988 in
1464 954 1551 989 6661.
1572 953 1774 988 cathedrali
1794 955 1920 988 contra
1942 953 2055 988 laicos

952 1005 988 1039 in
1027 1018 1086 1040 res
1123 1007 1299 1042 ecclesiae
1335 1010 1471 1042 temere
1507 1020 1546 1043 se
1582 1008 1792 1052 ingerentes
1827 1009 2058 1043 contionatur

953 1062 1000 1102 et,
1029 1061 1114 1105 quid
1142 1062 1374 1107 pestilentiae
1400 1064 1564 1108 tempore
1591 1062 1773 1107 agendum
1797 1062 1857 1102 sit,
1885 1074 1931 1097 ex
1949 1073 2058 1097 evan-

953 1115 1049 1158 gelio
1077 1115 1147 1150 diei
1174 1117 1335 1151 ostendit
1364 1116 1480 1161 (823).

897 1170 1109 1204 Tridentmn
1136 1172 1185 1205 ad
1202 1172 1358 1205 Hosinm
1384 1177 1413 1205 et
1433 1172 1731 1206 Plccolomineum
1757 1183 1819 1206 vas
1838 1173 1938 1206 novis·
1953 1171 2060 1205 libris

953 1225 1135 1268 impletmn
1162 1228 1272 1260 mittit
1300 1225 1416 1270 (350).

892 1278 996 1313 Doni.
1015 1279 1111 1314 XIX.
1141 1283 1222 1325 post
1242 1279 1346 1314 Pent.
1373 1279 1409 1314 in
1438 1279 1525 1315 eccl.
1553 1279 1766 1322 cathedrali,
1794 1291 1902 1324 quam
1930 1290 2059 1314 severe

954 1333 1052 1367 Deus
1079 1346 1158 1376 eos,
1193 1335 1254 1379 qui
1282 1335 1326 1369 ab
1354 1334 1511 1369 ecclesia
1538 1334 1616 1369 iura
1644 1334 1864 1370 abstulerint
1890 1335 1927 1368 et
1952 1333 2057 1373 bona,

954 1388 1150 1432 puniverit,
1178 1389 1338 1424 ostendit
1365 1391 1401 1423 et
1428 1391 1575 1434 praeter
1600 1389 1705 1424 fidem
1735 1389 1846 1423 etiam
1865 1387 2057 1423 caritatem

953 1442 997 1476 ad
1024 1442 1182 1478 salutem
1209 1444 1455 1479 necessariam
1484 1455 1564 1478 esse
1592 1455 1637 1478 ex
1665 1443 1858 1488 evangelio
1892 1442 1962 1477 diei
1998 1442 2056 1476 de-

952 1499 1134 1531 monstrat
1163 1496 1280 1541 (823).

893 1550 1085 1596 Copiosam
1112 1551 1347 1593 relationem,
1376 1564 1466 1596 qua,
1495 1564 1566 1597 quo
1593 1551 1671 1586 loco
1698 1551 1869 1596 Dilingae
1895 1562 1954 1585 res
1980 1550 2057 1585 uni-

953 1606 1162 1647 versitatis,
1199 1605 1343 1650 collegii
1371 1610 1439 1641 etc.
1467 1606 1561 1648 sint,
1598 1607 1765 1652 exponit,
1802 1605 1929 1640 Lainio
1956 1616 2056 1650 prae-

953 1660 1070 1705 posito
1099 1660 1261 1703 generali
1289 1660 1403 1695 mittit
1435 1660 1550 1705 (353).

891 1738 941 1781 In
983 1753 1109 1781 usum
1154 1742 1332 1794 patrum
1375 1739 1547 1782 concilii
1589 1738 1820 1782 tridentini
1864 1736 2049 1789 „Indici“

952 1805 1234 1848 reformando
1269 1806 1553 1857 delectorum,
1589 1805 1691 1860 quid
1725 1805 1778 1847 de
1804 1804 1926 1846 libris
1960 1803 2055 1857 qui-

951 1872 1135 1914 busdam
1171 1887 1196 1914 a
1219 1872 1357 1915 Paulo
1379 1872 1455 1915 IV.
1480 1871 1740 1927 proscriptis
1763 1870 1941 1922 sentiat,
1977 1883 2056 1912 ex-

952 1939 1076 1993 ponit
1110 1939 1248 1993 (354).

891 2010 1117 2066 Dilingam
1139 2011 1174 2053 it
1198 2011 1253 2053 ad
1276 2025 1347 2053 res
1371 2010 1544 2064 collegii
1566 2009 1896 2065 praeparandas
1915 2007 2053 2062 (913).

891 2148 994 2182 Doni.
1014 2148 1092 2183 XX.
1113 2151 1196 2193 post
1215 2148 1318 2183 Pent.
1346 2146 1539 2193 Augustae
1565 2146 1601 2180 in
1622 2145 1709 2180 eccl.
1730 2144 1933 2180 cathedrali
1952 2156 2056 2190 prae-

952 2206 1059 2248 cepta
1087 2202 1263 2237 ecclesiae
1290 2214 1360 2236 non
1388 2213 1468 2236 esse
1496 2212 1591 2235 vana
1618 2199 1677 2234 vel
1698 2199 1761 2234 Dei
1780 2199 1853 2243 legi
1875 2198 2056 2233 contraria

951 2257 1082 2302 probat
1108 2258 1145 2290 et
1171 2258 1341 2300 aegrotos
1368 2256 1412 2290 ab
1440 2254 1596 2290 ecclesia
1624 2265 1710 2288 vero
1737 2252 1872 2288 solacio
1891 2252 1990 2287 affici
2009 2264 2054 2287 ex

952 2311 1145 2355 evangelio
1172 2311 1242 2345 diei
1270 2310 1430 2344 ostendit
1459 2309 1575 2353 (823).

870 2425 871 2432 ,
894 2389 1098 2445 Dilingae
1132 2389 1295 2444 primos
1325 2388 1452 2430 liuius
1475 2387 1647 2441 collegii
1672 2386 1822 2429 Socios
1845 2399 1901 2428 ex
1924 2384 2053 2428 Italia

952 2456 1109 2498 missos
1143 2455 1310 2510 excipit
1343 2455 1482 2508 (914).

892 2528 971 2570 Die
1007 2528 1048 2570 S.
1078 2527 1268 2570 Ursulae
1302 2541 1396 2569 cum
1433 2526 1478 2569 P.
1505 2524 1667 2567 Natale
1700 2524 1932 2567 visitatore
1964 2522 2052 2564 sol-

952 2594 1166 2636 lemnibus
1201 2593 1374 2646 collegii
1407 2591 1544 2634 initiis
1577 2591 1763 2634 interest
1796 2590 1901 2642 (385
1931 2587 2051 2641 914).

891 2665 1028 2707 Sociis
1073 2665 1221 2706 ludum
1267 2662 1533 2706 litterarium
1583 2661 1881 2716 aperientibus
1925 2660 2053 2702 adest

952 2733 1056 2784 (385
1093 2731 1212 2783 914>

870 2798 1078 2852 Ὶ1311161ον36,
1117 2807 1259 2851 virgine
1287 2808 1492 2850 augustana
1528 2804 1692 2839 habitum
1726 2802 1966 2837 monasticum
1994 2813 2051 2836 su·

952 2865 1084 2904 niente,
1112 2861 1342 2896 contionatur
1371 2859 1488 2902 (914).

892 2916 992 2950 Dom.
1032 2916 1126 2950 XXI.
1164 2918 1246 2960 post
1280 2915 1384 2948 Pent.
1421 2912 1612 2958 Augustae
1654 2911 1688 2945 in
1726 2910 1813 2945 eccl.
1850 2908 2051 2944 cathedrali

952 2972 1198 3014 protestantes
1233 2980 1350 3012 neque
1391 2965 1594 3009 „libertatis
1631 2964 1884 3007 evangelica&
1935 2974 2051 3006 neque

952 3023 1124 3067 Decalogi
1152 3022 1386 3056 excusatione
1413 3032 1515 3055 suani
1544 3020 1579 3053 in
1604 3018 1796 3053 ecclesiam
1816 3016 2048 3051 rebellionem

952 3078 1145 3112 defendere
1173 3088 1278 3121 posse
1306 3076 1534 3109 demonstrat
1560 3075 1615 3113 et,
1652 3084 1715 3106 cur
1751 3071 1857 3116 pauci
1892 3070 2048 3104 salutem

952 3133 1207 3175 assequantur.
1236 3142 1281 3163 ex
1309 3127 1500 3172 evangelio
1527 3127 1598 3161 diei
1626 3125 1785 3160 ostendit
1813 3124 1930 3167 (823).
