2182 3339
636 95 677 130 11.
714 94 942 129 Prooemium
972 94 1168 128 voluminis
1195 93 1326 138 quarti.
1720 109 1872 137 Χχχῃῐ

212 214 245 247 6.
273 212 490 255 Dilinganae
527 212 609 246 illae
638 212 852 246 vexationes
888 211 989 245 leves
1016 210 1138 244 vocari
1176 211 1364 255 poterant,
1398 209 1427 244 si
1465 221 1544 243 cum
1583 210 1878 254 augustanis

90 266 497 301 difficultatibus
537 265 852 310 comparabantur.
910 265 1078 299 Canisius
1118 264 1310 308 Augustae
1350 263 1384 297 in
1425 263 1612 297 dimidiata
1651 264 1877 300 domuncula.

90 320 191 355 cuius
218 320 367 354 alteram
406 323 545 365 partem
581 319 836 362 ludimagister
871 319 1039 358 tenebat,
1076 330 1154 352 cum
1185 318 1223 352 P.
1253 317 1448 353 Guiliehno
1475 317 1630 352 Elderen
1668 317 1877 357 habitabat;

89 374 311 408 accedebant
345 374 449 408 modo
486 385 596 414 unus,
634 374 737 407 modo
774 373 895 417 plures
934 372 994 406 alii
1023 372 1136 413 Socii,
1173 372 1232 416 qui
1267 372 1323 406 vel
1369 372 1610 415 aegrotabant
1636 372 1693 406 vel
1731 372 1878 414 aeditui,

91 428 265 468 ianitoris,
292 427 441 467 librarii,
469 427 574 472 coqui
602 438 750 461 munera
778 426 960 460 habebant
989 427 1225 469 (799-815).
1271 426 1438 460 Canisius
1465 428 1502 460 et
1525 425 1679 460 Elderen
1706 426 1742 460 in
1761 426 1880 460 salute

89 482 289 516 animarum
316 481 541 526 procuranda
569 480 838 525 diligentissimi
866 483 978 514 erant.
1025 480 1080 514 Ita
1097 499 1143 503 —
1163 480 1205 514 de
1234 480 1369 514 Canisii
1397 479 1624 514 contionibus
1651 480 1758 525 paulo
1783 480 1877 514 infra

89 536 204 570 dicam
233 557 276 561 —-
310 536 343 570 in
371 535 524 570 ecclesia
551 534 749 569 cathedrali
786 546 879 568 anno
918 534 1008 568 1564
1045 545 1065 568 a
1091 545 1215 568 mense
1245 534 1410 568 lanuario
1437 534 1481 568 ad
1509 534 1645 568 Maium
1683 534 1774 569 1000
1801 534 1877 568 fere

89 589 252 624 homines
282 589 398 632 (810).
425 601 445 623 a
465 588 666 633 Septembri
685 588 728 622 ad
757 588 895 622 exitum
914 587 1125 622 Decembris
1152 588 1222 622 930
1241 587 1285 621 iis
1304 589 1453 632 peccata
1473 588 1628 622 confessi
1649 590 1734 621 sunt
1754 588 1877 631 (816):

90 655 206 688 neque
233 643 396 683 deerant,
429 643 490 686 qui
517 655 562 677 ex
589 642 887 687 protestantismo
914 642 958 676 ad
986 642 1092 676 fidem
1121 641 1337 676 catholicam
1365 644 1638 676 reverterentur
1666 642 1751 683 (556
1779 641 1877 685 901),

90 697 256 742 quamvis
282 699 528 742 protestantes
555 696 641 730 dure
660 696 793 730 habere
813 696 981 730 reductos
1008 696 1088 730 illos
1107 695 1266 730 solerent
1287 695 1508 739 (808-809)
1525 709 1531 731 ;
1560 696 1696 729 multae
1716 695 1879 739 virgines

89 754 297 796 perpetuam
317 751 564 794 virginitatem
584 750 658 784 Deo
678 752 859 784 voverunt
888 749 1011 793 (800):
1041 750 1192 784 iuvenes
1220 751 1256 784 et
1276 749 1437 793 virgines
1456 750 1677 784 monasteria
1696 749 1877 783 intrarunt

93 805 175 844 (557
204 805 273 839 804
293 804 521 847 814-816);
551 803 732 849 plerisque
752 804 920 838 fidelibus
938 815 1153 849 persuasum
1174 806 1239 846 est,
1260 806 1300 837 ut
1319 803 1610 838 confraternitati
1637 803 1876 837 sacratissimi

89 858 229 893 Rosarii
265 858 301 892 in
338 858 472 903 templo
509 858 735 893 dominicano
771 857 962 892 institutae
998 858 1143 892 nomina
1179 857 1307 892 darent
1336 857 1451 902 (804).
1503 856 1601 892 Libri
1637 857 1804 892 obscoeni
1843 859 1877 891 et

90 912 352 957 superstitiosi,
389 912 566 956 imagines
601 912 763 956 impurae
791 911 904 946 Sociis
930 911 1169 946 tradebantur
1199 912 1320 955 (81Ο);
1359 911 1403 946 ab
1430 911 1487 945 his
1515 911 1806 956 praecavebatur
1832 930 1877 934 -—

89 966 124 1000 id
151 966 244 1010 quod
271 966 480 1010 praecaveri
510 968 617 1001 antea
643 977 713 1000 non
738 968 818 1000 erat
835 966 982 1000 solitum
1002 986 1057 1006 —‚
1084 978 1128 1000 ne
1148 965 1316 1000 catholici
1343 965 1632 1011 protestantibus
1651 965 1879 1000 matrimonio

89 1020 324 1063 iungerentur
352 1020 478 1063 (814);
515 1031 700 1055 sacrarum
738 1020 1069 1065 peregrinationum
1098 1031 1185 1054 usus
1212 1020 1404 1054 restitutus
1435 1019 1645 1064 (aliquando
1681 1019 1807 1054 20000
1834 1019 1878 1053 ad

90 1074 135 1109 30
147 1074 216 1108 000
243 1073 502 1118 interfuerunt)
527 1074 628 1118 (810)
645 1088 651 1115 ;
681 1074 774 1108 Socii
793 1074 888 1108 haud
907 1086 988 1108 raro
1007 1074 1050 1108 ad
1071 1076 1239 1117 aegrotos
1259 1076 1295 1108 et
1313 1074 1508 1108 morientes
1528 1074 1774 1108 evocabantur
1794 1073 1879 1116 (802

90 1128 158 1162 815
195 1127 293 1171 816).
348 1128 480 1162 Ursula
506 1128 676 1172 Fuggera
710 1140 731 1162 a
757 1128 871 1162 Sociis
906 1129 1076 1162 instituta
1107 1128 1151 1162 ad
1187 1139 1350 1163 mensam
1378 1128 1676 1170 eucharisticam,
1712 1127 1878 1172 exemplo

89 1193 130 1216 ea
156 1184 275 1216 aetate
302 1193 392 1224 raro,
419 1182 574 1226 singulis
601 1182 814 1227 septimanis
841 1182 1038 1216 accedebat
1067 1182 1190 1226 (816);
1220 1182 1343 1216 eadem
1372 1182 1561 1221 maritum.
1589 1182 1624 1216 id
1652 1182 1747 1226 quod
1773 1193 1878 1216 nemo

90 1235 234 1270 efficere
260 1239 437 1281 potuerat,
465 1237 508 1270 ad
537 1247 681 1270 sacrum
705 1236 860 1280 singulis
887 1236 1012 1270 diebus
1039 1236 1228 1270 dominicis
1246 1236 1463 1270 audiendum
1483 1235 1634 1270 adduxit
1663 1236 1779 1279 (713),
1807 1235 1877 1270 col-

88 1289 173 1334 legii
200 1289 393 1325 Societatis
420 1290 558 1324 romani
594 1292 796 1333 egestatem
823 1301 956 1334 magna
983 1290 1078 1335 stipe
1104 1289 1316 1325 sublevavit
1354 1291 1452 1333 (37),
1489 1290 1573 1335 pagi
1602 1289 1876 1326 Weissenborn.

88 1343 208 1378 mariti
235 1344 385 1389 imperio
410 1344 574 1385 subiecti,
601 1344 820 1386 sacerdotes,
848 1346 888 1378 ut
914 1356 952 1378 se
971 1344 1086 1380 Sociis
1105 1344 1220 1378 sacris
1240 1344 1425 1378 exercitiis
1444 1343 1662 1378 excolendos
1680 1344 1876 1384 traderent,

89 1398 269 1442 permovit
309 1398 393 1441 (377
434 1399 533 1442 397).
595 1397 713 1432 Semel
753 1401 863 1443 atque
901 1399 1031 1433 iterum
1073 1398 1240 1433 Canisius
1279 1410 1361 1432 cum
1400 1398 1497 1433 socio
1536 1397 1874 1432 Weissenhornium

87 1451 276 1496 Fuggerae
303 1454 434 1496 rogatu
461 1452 581 1493 venit;
608 1452 667 1486 ubi
696 1455 843 1497 praeter
869 1452 941 1486 alia
960 1472 1005 1476 —
1024 1464 1088 1487 cur
1114 1464 1189 1486 rem
1217 1452 1425 1487 occultem?
1446 1452 1545 1486 —in
1564 1463 1646 1486 arce
1674 1451 1877 1496 fuggerana

89 1505 300 1541 exorcismis
336 1518 425 1541 usus
462 1509 518 1541 est
553 1506 730 1541 adversus
762 1506 950 1552 „spiritum
985 1507 1245 1548 domesticum,
1282 1507 1341 1551 qui
1373 1506 1499 1541 multis
1526 1506 1630 1541 annis
1655 1506 1791 1540 multos
1826 1506 1877 1541 in-

88 1559 247 1594 festabat
273 1563 310 1594 et
335 1560 371 1594 in
397 1560 552 1604 singulis
579 1560 655 1595 fere
682 1560 786 1595 lectis
813 1561 1032 1595 dormientes
1060 1561 1317 1606 perturbabat“
1346 1560 1492 1604 (1043);
1521 1560 1653 1595 ibidem
1673 1560 1875 1595 Susannam

88 1613 283 1655 Rosinann,
310 1614 499 1657 Augustae
526 1626 547 1649 a
576 1615 749 1649 ministris
776 1614 978 1649 lutheranis
1005 1615 1143 1649 frustra
1162 1615 1406 1649 exorcizatam
1435 1614 1550 1659 (806),
1578 1615 1791 1649 exorcismis
1817 1615 1877 1649 ad—

48 1696 56 1703 .
88 1668 200 1704 iuvit:
238 1680 330 1712 quae
357 1668 497 1713 aliquot
531 1669 635 1703 annis
670 1671 753 1714 post
787 1671 863 1703 tum
892 1668 1035 1703 Canisio
1070 1672 1148 1703 tum
1179 1668 1331 1704 Ursulae
1357 1668 1548 1713 Fuggerae
1578 1669 1773 1714 plurimum
1801 1671 1877 1703 erat

88 1722 223 1766 negotii
251 1722 460 1757 exhibitura
488 1723 603 1766 (809).

207 1777 398 1820 Augustae
424 1776 538 1820 igitur
557 1776 691 1811 Canisii
718 1776 838 1811 studio
865 1777 1117 1821 industriaque
1142 1776 1310 1811 catholici
1338 1779 1375 1811 et
1399 1789 1548 1811 numero
1576 1779 1613 1811 et
1638 1777 1774 1822 pietate
1804 1788 1877 1811 cre-

91 1829 241 1864 scebant
269 1830 354 1874 (658
382 1830 482 1874 901).
538 1830 607 1864 Pro
644 1842 714 1875 quo
750 1831 972 1865 incremento
1009 1831 1144 1865 clerum
1182 1831 1281 1865 urbis
1317 1831 1462 1865 Canisio
1498 1831 1656 1874 gratiam
1691 1830 1878 1865 rettulisse

90 1883 241 1924 dixeris;
281 1884 345 1918 sed
381 1896 439 1918 res
475 1883 581 1918 aliter
607 1884 751 1919 accidit.
802 1885 906 1919 Anno
944 1884 1036 1919 1562
1073 1887 1229 1919 exeunte
1258 1884 1402 1919 Canisio
1430 1896 1451 1919 a
1477 1884 1637 1930 capitulo
1666 1884 1878 1926 cathedrali,

90 1938 192 1972 cuius
218 1937 295 1982 ipse
322 1937 605 1972 contionatorem
635 1938 777 1981 agebat,
806 1939 915 1972 aedes
941 1938 1136 1984 ampliores
1162 1939 1362 1984 promissae
1389 1940 1494 1973 erant
1521 1939 1646 1983 (800):
1676 1939 1782 1973 datae
1808 1951 1877 1973 non

90 1994 175 2025 sunt
213 1991 296 2034 (487
334 1992 402 2026 500
438 1992 537 2035 891).
591 1992 757 2026 Canisius
790 2004 893 2027 usum
922 1992 1048 2027 sacelli
1086 1993 1272 2027 cuiusdam
1301 1992 1436 2038 templo
1464 1992 1663 2027 cathedrali
1695 1992 1877 2027 coniuncti

90 2045 212 2090 petiit:
240 2057 310 2079 non
337 2045 548 2090 impetravit
578 2046 693 2089 (416).
738 2046 837 2081 Haec
864 2047 1058 2091 praesagia
1077 2049 1113 2081 et
1139 2047 1272 2081 indicia
1304 2049 1408 2081 erant
1433 2058 1587 2091 magnae
1616 2046 1713 2081 illius
1742 2049 1876 2092 tempe-

91 2099 216 2139 statis,
253 2110 344 2143 quae
370 2099 568 2144 apostolico
594 2100 673 2134 viro
708 2100 939 2141 imminebat:
977 2112 1070 2135 anno
1108 2101 1201 2135 1564
1233 2103 1312 2135 orta
1339 2103 1405 2135 est.
1456 2100 1564 2135 Multi
1590 2100 1729 2135 factum
1756 2112 1878 2135 narra-

92 2155 241 2194 verunt,
281 2154 345 2188 sed
387 2153 575 2188 obscurius
614 2156 650 2188 et
688 2154 885 2189 confusius.
947 2154 1065 2196 Quare
1101 2167 1177 2189 rein
1213 2166 1257 2189 ex
1297 2154 1424 2200 primis
1463 2155 1624 2189 fontibus
1661 2166 1878 2199 cognoscere

92 2218 220 2252 operae
247 2207 400 2251 pretium
429 2209 525 2249 erat,
561 2209 774 2252 praesertim
803 2220 885 2243 cum
912 2208 947 2242 in
976 2220 1054 2243 eam
1082 2209 1280 2243 novissime
1305 2208 1561 2243 historicorum
1587 2208 1681 2242 oculi
1713 2208 1879 2242 conversi

91 2260 165 2295 sint
183 2260 364 2295 volumine
383 2261 497 2295 altero
516 2261 733 2296 relationum
752 2261 1021 2297 Bartholomaei
1041 2262 1188 2297 Portiae
1206 2262 1324 2297 nuntii
1343 2275 1406 2308 per
1425 2262 1658 2297 Germaniam
1678 2262 1878 2307 apostolici,

92 2313 185 2358 quod
212 2315 384 2349 mandatu
411 2314 752 2350 borussico—romani
779 2315 877 2350 illius
900 2316 1083 2359 „instituti
1110 2316 1294 2351 historici“
1326 2328 1346 2350 a
1368 2318 1498 2351 Carolo
1519 2317 1719 2351 Schellhass
1741 2316 1876 2350 editum

92 2370 158 2402 est.
210 2368 411 2412 Tragoedia
444 2380 516 2403 una
543 2372 617 2410 est;
655 2369 864 2404 Schellhass
891 2372 1097 2404 extremum
1123 2372 1244 2405 actum
1272 2370 1392 2416 ponit,
1430 2382 1497 2414 ego
1532 2370 1699 2415 primum.
1752 2371 1879 2414 Itaque

92 2421 273 2456 Monachii
299 2423 335 2456 in
362 2422 510 2457 archivo
537 2424 639 2467 regni
667 2423 828 2458 bavarici
856 2424 993 2467 grande
1018 2426 1148 2458 nactus
1166 2436 1247 2459 sum
1267 2424 1447 2466 volumen,
1476 2425 1569 2468 quod
1588 2424 1755 2458 Floriano
1774 2423 1879 2459 Riess

92 2475 128 2509 in
155 2475 276 2510 eodem
304 2476 452 2511 archivo
480 2476 671 2511 classicam
706 2477 807 2512 illam
835 2477 971 2512 Canisii
1003 2478 1255 2523 biographiam
1282 2480 1434 2523 parante
1462 2490 1506 2512 ex
1533 2478 1694 2513 tenebris
1720 2478 1878 2512 nondum

93 2531 309 2570 emerserat;
350 2531 483 2572 „Acta“
515 2531 592 2565 dico
628 2531 744 2576 ipsius
770 2531 995 2566 cathedralis
1022 2532 1173 2577 capituli
1201 2532 1408 2576 augustani.
1459 2533 1670 2575 Augustae,
1708 2531 1877 2576 quicquid

93 2582 129 2616 in
163 2583 342 2617 tabulario
369 2584 564 2629 episcopali
603 2585 721 2619 adhuc
747 2587 871 2620 exstat
906 2585 1109 2620 litterarum
1137 2589 1523 2630 monumentorumque
1551 2586 1594 2620 ad
1632 2597 1711 2620 eam
1740 2588 1879 2620 contro-

94 2636 250 2671 versiam
277 2638 539 2682 spectantium,
576 2638 836 2673 humanissime
862 2651 1003 2674 mecum
1031 2642 1086 2674 est
1122 2640 1438 2674 communicatum.
1492 2640 1651 2674 Litteras
1683 2639 1879 2673 cardinalis

93 2690 298 2733 Augustani
324 2690 459 2726 Romae
486 2692 674 2726 archivum
702 2693 805 2736 regni
836 2692 949 2727 italici
984 2693 1071 2728 mihi
1108 2694 1370 2739 suppeditavit.
1424 2693 1524 2735 Quae
1551 2693 1718 2728 Canisius
1745 2693 1879 2737 aliique

95 2743 186 2777 Socii
222 2744 465 2789 scripserunt,
499 2757 669 2789 magnam
706 2748 847 2791 partem
885 2747 1002 2781 adhuc
1038 2748 1073 2781 in
1101 2747 1294 2782 Societatis
1321 2747 1403 2782 Iesu
1438 2747 1604 2782 domibus
1630 2749 1878 2781 asservantur.

96 2796 240 2838 Omnia,
267 2799 428 2833 studiose
455 2799 656 2844 exscripta,
684 2801 761 2834 suis
787 2800 876 2835 locis
903 2812 1120 2846 proponam3
1160 2801 1218 2835 hic
1244 2801 1391 2836 brevem
1419 2813 1511 2846 pono
1538 2812 1658 2835 rerum
1685 2812 1878 2835 summam.

96 2851 170 2884 Iam
206 2851 287 2885 inde
319 2851 364 2886 ab
397 2863 428 2887 a.
458 2854 568 2895 1559,
605 2865 676 2898 quo
704 2853 871 2889 Canisius
900 2857 1090 2898 Augustae
1126 2855 1161 2889 in
1189 2854 1343 2889 ecclesia
1369 2854 1570 2889 cathedrali
1598 2854 1718 2889 officio
1745 2855 1879 2889 contio—

94 2905 242 2946 natoris,
270 2916 290 2939 a
317 2906 477 2951 capitulo
503 2907 657 2941 multum
686 2910 845 2951 rogatus,
873 2909 975 2952 fungi
1004 2910 1193 2954 coeperat,
1222 2909 1298 2954 ipse
1325 2909 1476 2954 eiusque
1503 2908 1666 2950 sodales,
1693 2920 1714 2943 a
1739 2920 1880 2943 summo

95 2959 262 3003 pontifice
289 2959 409 3005 ampla
434 2964 663 2996 sacramenta
690 2962 935 3007 paenitentiae
960 2965 996 2996 et
1023 2962 1266 2997 eucharistiae
1285 2963 1561 2997 administrandi
1590 2964 1781 3008 potestate,
1809 2974 1880 3007 qua

96 3012 205 3046 etiam
231 3012 346 3047 multa
372 3025 418 3048 ex
452 3015 614 3059 peccatis
644 3016 884 3058 „reservatis“
915 3016 1117 3051 condonare
1153 3019 1322 3061 poterant
1351 3016 1435 3060 (472
1466 3017 1537 3051 492
1563 3017 1660 3051 533³
1686 3016 1793 3060 601),
1829 3017 1879 3050 in-

96 3066 242 3107 structi,
270 3066 415 3101 Ottonis
443 3068 638 3103 cardinalis
664 3068 867 3104 Truchsess
894 3069 1053 3115 episcopi
1081 3069 1277 3114 augustani
1304 3071 1522 3104 auctoritate
1549 3072 1585 3104 et
1614 3069 1788 3104 mandatu
1818 3069 1880 3112 (34

97 3119 194 3162 555),
221 3119 382 3165 capitulo
402 3121 629 3166 parochoque
648 3134 723 3156 rem
742 3122 872 3157 saltem
897 3123 1028 3165 „tacito
1048 3124 1260 3166 consensu“,
1289 3135 1395 3168 quem
1417 3126 1558 3165 vocant,
1587 3123 1879 3169 permittentibus
