2182 3339
638 102 680 137 11.
717 102 945 136 Prooemium
974 102 1169 137 voluminis
1196 102 1326 147 quarti.
1714 117 1881 145 xxxvfl

92 222 255 266 pestates
281 219 444 254 excitant
470 219 639 264 dirasque
667 219 789 253 clades
825 218 1045 253 immittunt*
1086 218 1312 261 hominibus,
1354 222 1415 261 ,ut
1441 218 1530 253 nihil
1559 218 1603 253 ab
1632 219 1776 254 illarum
1804 219 1883 254 lior-

91 274 213 309 rendis
232 274 372 308 artibus
391 276 426 307 et
444 274 583 308 uiribus
610 276 728 307 tutum
757 273 848 307 satis
874 273 1061 307 uideatm·“
1089 274 1202 317 (400).
1247 274 1399 308 Praeter
1426 273 1519 308 hauc
1547 273 1742 319 epistulam
1769 286 1884 318 usquc

93 328 211 363 adhuc
237 328 327 362 nihil
355 327 450 361 aliud
479 327 637 362 occurrit
664 327 931 371 quaerentibus,
960 327 1044 372 quid
1071 328 1113 362 de
1132 328 1260 371 strigis
1280 327 1448 362 Canisius
1467 328 1654 362 sensisset.
1689 328 1884 362 Verum—

92 385 142 423 ut,
170 394 262 427 quae
288 382 349 416 ille
376 382 411 416 iu
439 381 530 416 libro
558 382 806 426 precationum
833 382 1040 424 germanico
1068 382 1110 416 de
1138 382 1181 416 iis
1209 382 1370 416 breviter
1388 382 1530 416 notavit
1552 382 1692 425 (1019),
1720 382 1884 417 hocloco

92 437 269 478 omittam,
291 456 332 459 -
353 438 476 471 exstat
494 436 612 470 contio
639 435 835 474 canisiana,
864 447 971 479 quam
992 447 1106 480 paene
1133 436 1267 470 iustam
1296 436 1451 470 dixerim
1479 436 1683 470 contionem
1703 437 1883 480 magicam

93 490 152 525 vel
184 490 372 534 strigicam
411 489 733 534 (Hexenpredigt).
787 489 953 523 Canisius
989 490 1176 524 Dominica
1211 490 1274 525 III.
1313 490 1623 533 Quadi-agesimae
1659 491 1742 525 anni
1783 492 1884 531 1564,

93 544 284 588 evangelio
320 544 410 583 diei,
447 556 516 588 quo
544 543 587 577 (10
614 543 787 577 daemone
824 554 887 588 per
924 544 1043 577 Iesum
1080 544 1194 578 eiecto
1225 543 1290 587 (Lc
1320 545 1382 583 11,
1415 545 1568 588 14-28)
1598 546 1667 579 etc.
1695 545 1884 589 agebatur,

92 610 190 639 usus,
219 598 373 643 primum
401 597 601 632 catholicos
628 597 720 638 illos,
749 597 809 641 qui
837 597 1048 631 daemonem
1076 600 1222 632 exstare
1250 598 1406 642 quidem,
1437 599 1500 632 sed
1528 598 1624 633 haud
1652 599 1702 633 ita
1730 600 1883 634 multum

92 664 172 687 esse
211 652 409 686 timendum
450 654 637 696 putarent,
678 651 968 696 reprehendebat
997 651 1121 695 (869),
1165 652 1382 693 ostendens,
1422 652 1607 687 daemonis
1646 653 1682 687 in
1722 653 1885 688 homines

95 709 313 752 potestatem
333 717 353 740 a
369 706 511 741 Christo
539 717 620 739 esse
649 705 886 746 imminutam,
914 717 982 739 non
1001 707 1123 739 tamen
1142 705 1322 740 sublatam
1338 719 1344 746 ;
1372 706 1466 740 serio
1485 708 1611 741 contra
1630 719 1710 741 eum
1731 708 1885 753 pugnari

93 763 259 804 oportere
282 759 386 803 (87Ο;
414 760 458 793 cf.
479 759 586 802 885);
616 770 697 792 eum
717 770 867 803 corpora
895 770 1037 803 quoque
1057 759 1223 794 obsidere
1241 761 1352 804 atque
1379 759 1543 795 homines
1562 761 1725 804 graviter
1743 764 1885 796 tentare

94 817 130 848 et
157 825 292 848 vexare
327 825 433 858 posse
464 813 567 856 (8733
607 812 653 846 cf.
681 813 779 857 884).
831 812 969 847 Deinde
1005 813 1072 848 hoc
1107 825 1171 859 pro
1207 816 1306 848 certo
1341 815 1483 858 posuit:
1522 815 1678 849 Exstare
1714 815 1885 850 mulieres

94 879 227 912 pravas
253 870 287 901 et
315 867 480 901 daemoni
507 866 693 911 addictas,
728 878 791 911 per
818 878 908 911 quas
940 867 1111 908 daemon,
1147 867 1222 902 Deo
1259 870 1407 913 propter
1443 869 1664 912 gravissima
1699 869 1884 904 hominum

93 924 244 966 peccata
269 921 320 955 ita
347 921 423 955 fieri
451 920 685 966 permittente
715 921 838 964 (877),
872 920 1077 956 hominibus
1104 921 1256 956 multum
1285 922 1487 967 imponeret
1513 925 1550 957 et
1575 927 1733 958 noceret.
1785 924 1886 959 Haec

93 979 214 1009 tamen
242 975 408 1009 Cauisius
434 975 603 1009 adnotat:
630 974 804 1009 Mulieres
830 975 914 1009 illae
942 987 1131 1020 perperam
1158 975 1325 1020 falsoque
1352 976 1556 1021 opinantur,
1584 977 1673 1019 fieri,
1708 981 1748 1012 ut
1774 978 1884 1023 ipsae,

92 1029 207 1072 signis
233 1028 428 1073 verbisque
458 1029 560 1063 vanis
587 1029 799 1063 daemonem
827 1029 1034 1071 adiurando,
1063 1032 1303 1074 tempestates
1322 1030 1494 1072 excitent,
1521 1031 1706 1066 frumenta
1726 1032 1884 1071 laedant,

92 1083 257 1117 homines
292 1083 487 1118 sterilitate
515 1085 551 1117 et
578 1082 792 1117 infirmitate
827 1083 992 1118 afficiant
1018 1085 1087 1118 etc.
1118 1084 1352 1128 (2576—877).
1405 1085 1458 1119 Ac
1484 1084 1572 1120 licet
1607 1085 1777 1121 mulieres
1806 1087 1885 1122 illas

93 1138 222 1171 merito
248 1139 363 1171 morte
389 1137 538 1171 multari
565 1139 714 1171 censeat
742 1138 964 1181 (877-878)
981 1166 988 1178 ,
1019 1137 1178 1172 maxime
1205 1141 1326 1172 tamen
1354 1139 1532 1173 adversus
1559 1151 1621 1174 eas
1648 1153 1749 1175 arma
1776 1141 1839 1175 illa
1866 1153 1886 1175 a

94 1194 218 1226 vetere
245 1191 398 1226 ecclesia
425 1194 552 1226 contra
580 1191 790 1225 daemonem
818 1194 994 1237 usurpata
1021 1192 1184 1227 adhiberi
1213 1192 1312 1227 vult:
1345 1192 1598 1235 Exorcismos,
1626 1206 1684 1229 res
1710 1198 1885 1236 sacratas,

95 1245 227 1280 ieiunia
254 1248 322 1280 etc.
353 1245 588 1289 (878—880).
640 1246 695 1279 Ita
724 1245 890 1279 Canisius
918 1246 961 1279 de
988 1246 1106 1291 priore
1137 1246 1341 1288 sententia,
1378 1247 1504 1289 lectis,
1540 1250 1582 1282 ut
1608 1248 1775 1292 equidem
1803 1261 1886 1284 con-

94 1299 278 1341 iectarim,
308 1299 469 1334 Udalrici
496 1299 675 1334 Molitoris
702 1311 745 1333 ac
774 1300 929 1334 fortasse
967 1300 1076 1334 etiam
1113 1300 1259 1334 Ioannis
1287 1300 1424 1346 NVeyer
1454 1302 1621 1347 scriptis,
1658 1302 1794 1347 aliquid
1822 1303 1884 1338 im-

96 1353 252 1388 mutavit
273 1352 386 1397 (881).
425 1353 530 1387 Certe
549 1352 610 1387 ille
630 1365 710 1387 cum
731 1353 774 1387 de
793 1353 991 1397 strigarum
1010 1356 1194 1399 potestate
1213 1356 1290 1388 tum
1318 1355 1361 1389 de
1389 1367 1513 1389 earum
1540 1358 1884 1402 compescendarum

94 1407 234 1442 ratione
261 1409 296 1441 et
323 1407 543 1441 moderatius
569 1406 868 1452 prudentiusque,
897 1408 927 1442 si
955 1420 1030 1442 rem
1058 1410 1213 1453 spectes,
1242 1411 1278 1443 et
1304 1409 1410 1452 longe
1437 1410 1656 1453 modestius,
1683 1411 1715 1445 si
1740 1415 1885 1457 spectes

96 1461 218 1502 verba,
245 1461 360 1495 sensit
386 1461 551 1505 dixitque
578 1473 686 1505 quam
714 1461 893 1496 Martinus
921 1461 1104 1496 Lutherus
1135 1462 1218 1506 (402
1246 1462 1345 1506 883).

216 1514 368 1550 Praeter
402 1515 587 1549 contiones
623 1518 848 1558 augustanae
886 1515 1054 1550 Canisius
1089 1516 1156 1551 hoc
1192 1516 1335 1551 biennio
1374 1517 1556 1552 orationes
1595 1530 1720 1553 sacras
1759 1519 1888 1554 habuit

97 1568 265 1613 Dilingae
294 1569 379 1613 (913
407 1569 504 1613 914),
533 1569 718 1614 Herbipoli
749 1569 889 1613 (1045),
917 1569 1119 1615 Oeniponte
1150 1570 1234 1614 (228
1259 1571 1358 1615 948),
1385 1571 1678 1607 Weissenbornii
1707 1574 1822 1619 (397),
1850 1575 1885 1609 in

98 1623 342 1669 compluribus
374 1623 526 1658 Suebiae
562 1624 793 1658 monasteriis
824 1624 971 1668 (1036),
1009 1636 1101 1669 quae
1137 1627 1277 1660 aestate
1309 1637 1340 1661 a.
1379 1627 1471 1660 1564
1498 1638 1518 1660 a
1546 1626 1703 1672 Georgio
1738 1628 1887 1673 llsungo

98 1689 267 1713 caesareo
294 1689 357 1722 per
384 1677 550 1712 Suebiam
579 1678 764 1723 praefecto
791 1680 941 1721 rogatus
968 1679 1094 1713 obivit.

220 1732 252 1766 8.
290 1731 366 1766 Has
394 1733 488 1766 inter
515 1732 721 1773 contiones,
758 1732 789 1766 si
816 1732 901 1776 quid
930 1733 1104 1778 temporis
1136 1733 1317 1778 reliquum
1345 1736 1441 1774 erat,
1477 1735 1534 1769 vir
1560 1735 1621 1770 ille
1648 1736 1783 1771 laboris
1810 1750 1888 1783 per—

99 1786 208 1820 vicax
243 1786 473 1820 calamum
509 1786 791 1820 resumebat
825 1787 1159 1832 scriptorium.
1211 1788 1392 1823 Assiduus
1419 1791 1497 1823 erat
1524 1790 1560 1823 in
1587 1791 1888 1827 catechismo

101 1839 352 1885 perpoliendo;
382 1851 453 1884 qua
480 1839 516 1873 in
543 1852 581 1874 re
607 1839 682 1881 alii,
710 1842 750 1874 ut
777 1840 986 1885 Alphonsus
1005 1841 1202 1883 Salmeron,
1230 1854 1334 1887 opem
1362 1843 1394 1876 ei
1421 1843 1589 1877 ferebant
1609 1844 1668 1888 (11
1690 1845 1789 1889 275).
1834 1848 1888 1881 Ac

100 1894 246 1928 Flacius
281 1893 425 1938 quidem
462 1893 631 1939 Illyrieus
668 1893 831 1928 libellum
868 1894 982 1929 edidit
1017 1896 1060 1930 de
1095 1895 1271 1938 „Ethnica
1307 1896 1491 1931 doctrina“
1531 1898 1639 1933 huius
1676 1900 1889 1935 catechismi

103 1948 248 1992 (1026);
267 1947 498 1981 Hermannus
517 1959 660 1992 quoque
676 1947 963 1983 Hamelmannus
983 1950 1153 1984 sacerdos
1172 1953 1341 1995 apostata
1359 1952 1495 1996 scripto
1515 1953 1668 1996 quodam
1691 1955 1890 1990 conabatur

101 2002 253 2036 eundem
281 2001 545 2036 catechismum
572 2013 618 2036 ex
643 2002 779 2037 scholis
807 2004 1154 2038 monasteriensibus
1185 2005 1382 2039 exturbare
1411 2006 1560 2050 (1033)·;
1591 2011 1626 2041 et
1654 2007 1890 2045 Tilemannus

102 2056 326 2096 Heshusius‚
363 2068 456 2090 unus
484 2068 527 2090 ex
557 2055 845 2091 Lutheranorum
872 2057 1053 2101 theologis
1088 2058 1355 2103 litigatoribus,
1393 2071 1483 2104 quos
1511 2061 1699 2102 dicebant,
1735 2063 1771 2097 in
1799 2063 1890 2098 libro

107 2109 252 2152 „Trewe
279 2109 490 2154 Warnung“
523 2110 665 2145 acerbis
692 2122 772 2144 eum
804 2111 978 2146 conviciis
1006 2113 1226 2158 aspergebat
1254 2114 1402 2157 (1021);
1439 2117 1601 2149 attamen
1629 2115 1766 2151 Canisii
1800 2117 1892 2152 liber

103 2165 139 2198 in
165 2164 240 2199 dies
267 2164 385 2208 magis
413 2164 682 2208 divulgabatur.
720 2165 832 2199 Annis
857 2166 947 2200 1563
975 2168 1011 2200 et
1033 2167 1124 2202 1564
1150 2167 1266 2201 denuo
1293 2179 1429 2202 excusa
1452 2168 1641 2211 „Summa“
1671 2170 1783 2206 latine
1802 2173 1891 2207 Ant—

103 2218 260 2263 verpiae,
288 2217 466 2260 Coloniae,
495 2218 672 2262 Lugduni,
699 2218 874 2262 Venetiis,
901 2221 1108 2263 germanice
1128 2221 1308 2263 Coloniae,
1337 2222 1492 2257 vlamice
1511 2225 1753 2269 Antverpiae;
1785 2226 1891 2268 „Par-

103 2283 172 2306 vus
200 2271 452 2306 catechismus
479 2272 768 2307 Catholicorum“
799 2274 835 2308 in
870 2274 989 2309 lucem
1027 2275 1182 2310 emissus
1216 2275 1328 2310 latine
1365 2276 1535 2312 Coloniae
1574 2278 1610 2322 (3
1644 2279 1892 2325 editionibus),

103 2326 282 2369 Dilingae,
310 2326 461 2360 Lovanii
483 2326 548 2370 (2³),
575 2327 757 2369 Venetiis,
786 2329 993 2371 germanice
1023 2330 1162 2372 (addita
1189 2342 1253 2374 per
1279 2333 1464 2365 auctorem
1491 2332 1636 2377 copiosa
1663 2334 1892 2369 institutione

104 2382 333 2415 sacramenta
361 2381 603 2425 paenitentiae
631 2384 667 2415 et
693 2382 935 2417 eucharistiae
963 2384 1020 2428 pie
1047 2384 1229 2428 sumendi)
1258 2385 1482 2429 Ingolstadii,
1511 2386 1633 2421 italice
1661 2387 1741 2432 (per
1765 2388 1892 2423 Posse-

105 2435 228 2468 vinum
256 2434 511 2480 amplificatus)
542 2435 665 2470 Monte
693 2435 821 2481 Regali
853 2437 1137 2481 (1003—1024).
1181 2438 1376 2473 Praeterea
1412 2440 1505 2474 idem
1542 2441 1787 2477 catechismus
1813 2454 1893 2487 ger·

104 2488 267 2522 maniciis
311 2500 454 2533 unaque
499 2501 579 2524 0001
625 2502 666 2524 eo
712 2490 848 2525 Canisii
894 2491 987 2526 liber
1034 2503 1181 2537 precum
1229 2494 1460 2537 germanicus
1499 2494 1799 2540 („Betbuch“)
1847 2497 1892 2532 ab

105 2545 252 2576 auctore
279 2543 455 2587 recogniti
482 2543 651 2587 Dilingae
678 2556 708 2579 a.
741 2545 831 2579 1563
867 2545 1044 2586 secundo,
1085 2547 1176 2580 1564
1211 2547 1320 2581 tertio
1346 2547 1382 2581 in
1414 2548 1531 2582 lucem
1568 2549 1779 2594 prodierunt
1807 2550 1891 2595 (987

110 2596 230 2639 1015).
268 2596 403 2630 Ibidem
421 2608 452 2632 a.
476 2597 566 2631 1563
587 2598 721 2642 prodiit
742 2598 940 2641 „Hortulus
958 2600 1121 2641 Animae,
1150 2601 1240 2635 Der
1272 2601 1294 2635 S
1310 2601 1446 2636 eelen
1475 2602 1675 2637 Garten‘
1706 2604 1894 2648 eleganter

107 2661 264 2684 excusus
290 2650 487 2695 multisque
513 2651 640 2695 figuris
667 2654 827 2693 ornatus,
854 2653 890 2687 in
917 2665 1006 2698 quo,
1038 2657 1182 2698 praeter
1208 2655 1343 2689 multas
1370 2655 1460 2690 alias
1488 2657 1726 2701 precationes,
1753 2661 1893 2703 septem

112 2703 282 2745 „Officia“
321 2704 400 2738 sive
440 2704 599 2747 „Horae“
638 2705 674 2739 in
711 2705 874 2749 singulos
914 2707 1150 2742 hebdomadis
1186 2709 1262 2742 dies
1299 2708 1433 2744 Canisii
1472 2710 1651 2745 industria
1696 2711 1894 2757 dispositae

108 2759 229 2797 erant;
267 2759 376 2802 atque
410 2758 501 2793 haec
536 2759 645 2793 editio
682 2761 891 2803 germanica
928 2763 1002 2801 est:
1042 2761 1155 2796 latina
1191 2773 1334 2806 quoque
1371 2763 1479 2798 editio
1517 2765 1705 2799 exstitisse
1736 2765 1893 2801 videtur.

109 2811 216 2846 Liber
249 2823 345 2846 nunc
379 2812 604 2853 rarissimus:
643 2825 749 2858 quem
785 2817 822 2848 et
848 2826 868 2849 a
896 2814 1031 2850 Canisii
1068 2816 1277 2862 biographis
1314 2821 1351 2851 et
1376 2829 1397 2851 a
1424 2817 1619 2852 Societatis
1651 2819 1733 2853 Iesu
1769 2820 1893 2855 biblio-

109 2863 258 2909 graphis
286 2875 328 2898 ea
353 2865 395 2898 de
423 2877 532 2900 causa
559 2867 731 2901 omissum
761 2879 841 2902 esse
868 2868 1016 2908 conicio,
1045 2870 1139 2913 quod
1159 2870 1297 2904 Canisii
1324 2882 1453 2905 nomen
1472 2872 1516 2906 ab
1536 2884 1576 2906 eo
1603 2873 1717 2914 abest,
1746 2876 1782 2907 et
1800 2874 1893 2918 quod

113 2917 297 2961 „Hortuli“
328 2930 452 2952 omnes
478 2921 604 2964 postea
631 2921 667 2954 in
698 2921 897 2964 „lndicem“
929 2922 1103 2957 librorum
1131 2923 1391 2968 prohibitorum
1418 2925 1526 2959 relati
1553 2928 1639 2960 sunt
1659 2927 1774 2971 (991).
1817 2928 1893 2962 Iam

110 2983 203 3006 anno
241 2972 332 3006 1562
361 2972 529 3007 Canisius
564 2973 631 3008 hoc
668 2978 814 3018 egerat,
850 2978 891 3010 ut
922 2976 957 3010 in
985 2976 1180 3011 Germania
1215 2979 1315 3023 typis
1350 2979 1644 3014 exscriberentur
1678 2980 1822 3025 aliquae
1849 2994 1894 3016 ex

115 3025 281 3068 „Litteris
310 3025 476 3068 Indicis“‚
513 3027 643 3071 quibus
670 3028 825 3063 Sanctus
858 3029 1073 3065 Franciscus
1098 3030 1280 3066 Xaverius
1316 3032 1449 3076 aliique
1485 3032 1680 3069 Societatis
1708 3035 1788 3069 Iesu
1826 3036 1894 3070 viri

110 3079 297 3124 apostolici
324 3080 540 3122 narrabant,
571 3093 642 3125 qua
669 3082 808 3116 rat-ione
836 3083 987 3118 verbum
1014 3083 1082 3118 Dei
1108 3096 1171 3129 per
1197 3085 1380 3128 Africam,
1417 3086 1540 3122 indias
1566 3088 1780 3130 orientales,
1809 3089 1894 3124 Bra-

110 3133 245 3175 siliam,
285 3133 376 3168 alias
413 3136 532 3168 terras
571 3134 870 3171 disseminaretur
905 3141 942 3172 et
977 3138 1104 3182 quanti
1144 3139 1224 3173 inde
1264 3139 1348 3174 fidei
1386 3139 1608 3186 pietatisque
1647 3143 1790 3177 fructus
1826 3144 1894 3178 col-
