2182 3339
147 233 237 268 1564

152 449 242 484 1564
308 463 310 465 ’

155 611 245 645 1564

158 826 249 861 1564

152 960 264 1002 1564

162 1167 253 1202 1564

165 1275 257 1309 1564

168 1383 258 1418 1564

163 1518 274 1559 1564

171 1659 262 1693 1564
328 1667 330 1702 ῃ

168 1846 279 1887 1564

176 1922 269 1956 1564

179 2083 270 2118 1564

175 2271 286 2311 1564

183 2481 275 2515 1564
341 2530 343 2542 ¹

187 2698 277 2732 1564

182 2888 294 2929 1564

184 3028 296 3068 1564

193 3104 283 3138 1564

637 113 726 148 1563
754 112 839 147 Dec.
868 114 900 146 5.
929 133 970 137 ——
1004 112 1093 147 1564
1123 112 1223 146 Febr.
1256 111 1309 146 13.
1831 121 1875 149 LI

428 231 502 266 Ian.
533 231 562 264 1.
717 229 782 264 Die
809 229 1104 264 Circumcisionis
1131 228 1274 264 Domini
1302 228 1388 263 Can.
1418 228 1605 271 Augustae
1634 226 1668 259 in
1696 224 1783 259 eccl.
1822 235 1877 258 ca-

777 283 931 318 thedrali
953 283 1088 318 Christi
1116 295 1247 329 corpus
1274 294 1360 328 prae
1379 281 1530 326 reliquis
1549 280 1716 315 omnibus
1735 278 1878 322 insigne

779 339 1041 382 egregiumque
1080 349 1160 373 esse
1197 337 1373 378 ostendit,
1420 335 1463 370 de
1501 334 1597 369 sacri
1633 333 1703 368 diei
1739 331 1879 367 ratione

779 392 878 435 dicit,
905 392 1132 426 auditoribus
1164 392 1348 434 „strenas“
1379 389 1566 425 distribuit
1594 388 1711 433 (827).

433 447 506 481 Ian.
534 446 566 480 2.
721 447 822 481 Dom.
851 449 943 491 post.
972 446 1101 480 Octav.
1129 445 1252 480 Nativ.
1281 445 1424 485 ibidem,
1456 443 1587 488 quibus
1614 441 1744 486 gratiis
1771 439 1880 486 privi-

782 501 959 545 legiisque
979 500 1115 535 Christi
1142 511 1273 545 corpus
1301 502 1466 533 ornatum
1489 497 1548 539 sit,
1575 495 1744 537 ostendit,
1773 505 1881 529 evan-

783 555 917 599 gelium
944 554 1014 589 diei
1041 554 1212 599 explicat,
1240 554 1282 588 de
1309 553 1430 587 viduis
1456 551 1544 586 dicit
1573 550 1687 595 (827).

434 608 509 642 Ian.
538 608 569 642 6-
702 609 789 644 ‘Die
817 609 1041 654 Epiphaniae
1068 608 1212 649 ibidem,
1244 620 1309 642 cur
1335 606 1489 641 ecclesia
1516 617 1598 640 eum
1626 604 1720 638 diem
1748 603 1881 637 festum

784 666 882 707 agat,
902 665 938 697 et
956 663 1132 707 quomodo
1150 662 1315 696 homines
1331 661 1515 695 Christum
1534 669 1709 704 quaerere
1724 659 1761 691 et
1774 656 1883 690 hono-

785 730 865 752 rare
893 717 1057 759 debeant,
1085 717 1114 751 si
1136 716 1238 760 regni
1258 716 1336 750 eius
1355 714 1552 760 participes
1571 724 1651 748 esse
1671 712 1796 752 velint,
1824 721 1884 744 ex·

788 772 886 817 ponit
915 772 1030 815 (827).

438 824 512 858 Ian-
540 824 571 857 9-
706 827 827 866 ,Dom.
855 826 880 859 Ι.
918 828 1000 871 post
1028 825 1090 870 Ep.
1128 824 1259 859 ibidem
1296 822 1528 867 evangelium
1564 821 1633 855 diei
1671 818 1819 865 exponit
1851 819 1887 852 et

787 881 830 915 de
856 880 980 915 liberis
1006 879 1097 913 bene
1123 878 1320 913 educandis
1347 876 1577 912 contionatur
1604 874 1721 919 (828).

422 958 514 1001 ian.
552 959 591 1000 9.
707 957 953 1013 lDilingam
1005 957 1127 1000 venit
1175 956 1230 999 ad
1276 954 1510 1008 collegium
1561 951 1880 1005 „visitandum“

790 1025 969 1078 eiusque
1010 1037 1082 1066 res
1123 1023 1315 1066 afflictas
1356 1020 1511 1063 melius
1554 1017 1887 1062 constituendas

791 1092 929 1146 (429).

321 1160 356 1202 'a
384 1168 439 1203 10.
473 1167 517 1201 ad
552 1166 607 1200 15.
638 1165 712 1210 (⁶3)
732 1167 870 1202 Cotidie
905 1167 950 1201 ad
987 1166 1110 1200 Socios
1150 1164 1457 1208 „exhortationem
1493 1160 1741 1208 spiritualem“
1780 1158 1893 1193 habet

474 1222 546 1255 lan
796 1222 923 1264 (434—
931 1222 1032 1263 435).

338 1277 410 1311 lan.
433 1276 486 1310 15.
516 1274 567 1318 (et
588 1274 641 1308 16.
655 1267 713 1316 3)
733 1276 966 1320 Singulorum
986 1274 1170 1309 Soci01um
1198 1276 1234 1308 et
1260 1271 1507 1307 confessiones
1534 1268 1725 1314 generales
1752 1269 1788 1302 et
1818 1278 1892 1308 „ra-

793 1331 910 1364 tiones
938 1329 1201 1364 conscientiae‘G
1233 1327 1370 1372 excipit
1397 1326 1482 1369 (435
1509 1323 1609 1368 441).

340 1386 413 1419 Tan·
444 1383 536 1427 (16.,
570 1383 609 1416 ut
646 1380 692 1415 Vi
713 1327 836 1439 tDom.
864 1384 908 1418 11.
936 1386 1017 1429 post
1043 1383 1108 1428 E.p
1136 1382 1229 1416 Socii
1257 1380 1432 1425 dilingani
1459 1381 1545 1413 vota
1571 1377 1742 1421 religiosa
1773 1385 1893 1409 coram

459 1438 578 1481 detur)
716 1447 717 1454 ¹
797 1439 942 1474 Canisio
969 1439 1147 1472 renovant
1175 1436 1260 1480 (435
1287 1436 1388 1478 441).

371 1518 486 1560 inter
522 1517 589 1558 17.
625 1518 670 1557 et
737 1516 1003 1571 Ino-olstadii
1044 1531 1122 1571 per
1165 1515 1271 1557 duos
1315 1513 1407 1556 dies
1449 1512 1493 1554 in
1526 1509 1710 1564 collegio
1745 1506 1893 1551 Socie-

327 1602 329 1623 l
420 1585 490 1627 21.
524 1583 616 1624 Ian.
797 1583 904 1626 tatis
938 1584 1135 1625 molatur
1168 1579 1306 1636 (441).

439 1660 513 1694 Ian.
541 1659 597 1693 20.
739 1659 954 1704 ingolstadii
981 1670 1099 1692 coram
1129 1646 1272 1692 Canisio
1300 1655 1506 1701 praeposito
1532 1651 1747 1700 provinciali
1776 1650 1815 1685 P
1836 1649 1895 1683 Al-

799 1714 959 1759 phonsus
986 1712 1142 1746 Pisanus
1171 1716 1255 1745 vota
1281 1709 1461 1755 simplicia
1488 1708 1734 1754 piofessorum
1762 1704 1898 1739 emittit

790 1768 906 1813 (930).

332 1836 437 1909 {Ian
457 1846 700 1889 21.ve122.
741 1846 939 1889 Canisius
972 1844 1221 1899 Augustam
1254 1842 1494 1885 revertitur
1527 1841 1666 1895 (441).

445 1924 517 1958 Ian.
547 1923 603 1956 23.
743 1923 843 1958 Dom.
872 1923 934 1957 111.
961 1925 1044 1967 post
1070 1921 1134 1966 Ep.
1162 1921 1197 1954 in
1224 1920 1310 1954 eccl.
1338 1918 1539 1954 cathedrali
1566 1928 1696 1960 evang.
1733 1918 1802 1953 diei
1839 1930 1899 1952 ex—

802 1977 904 2023 ponit
939 1980 994 2017 et,
1031 1988 1094 2010 0111·
1130 1976 1297 2019 quintum
1324 1973 1497 2017 Decalogi
1533 1974 1769 2018 praeceptum
1797 1972 1900 2006 nobis

804 2042 925 2066 carum
954 2032 990 2064 et
1016 2029 1305 2064 commendatum
1331 2039 1410 2062 esse
1439 2027 1579 2067 debeat,
1607 2027 1766 2061 ostendit
1785 2026 1900 2071 (828).

447 2085 521 2119 Ian.
549 2084 605 2119 30.
724 2086 845 2120 *Dom.
866 2084 1038 2130 Septuag.
1059 2084 1191 2117 ibidem
1219 2094 1350 2125 evang.
1369 2081 1440 2115 diei
1467 2081 1666 2126 explicans,
1695 2093 1803 2125 quam
1830 2093 1900 2115 non

803 2143 901 2174 recte
928 2137 1208 2184 protestantium
1236 2136 1402 2181 magistri
1429 2135 1471 2169 de
1499 2135 1601 2169 bonis
1628 2135 1797 2179 operibus
1824 2147 1902 2169 sen-

804 2194 907 2233 tiant,
934 2192 1103 2233 ostendit,
1131 2194 1168 2226 et
1186 2191 1303 2236 quinti
1323 2190 1505 2236 praecepti
1524 2190 1598 2224 vim
1618 2188 1766 2234 exponit
1786 2189 1902 2233 (828).

353 2274 444 2317 Ian.
479 2272 550 2314 vel
579 2271 705 2314 Febr.
726 2321 727 2325 η
746 2272 812 2315 Ab
847 2271 1010 2315 Ursula
1041 2271 1247 2324 Fuggera
1279 2272 1462 2323 rogatus
1496 2268 1901 2311 Weissenliornium

385 2341 451 2394 (ut
484 2338 677 2391 videtur)
808 2353 904 2380 cum
939 2338 985 2380 P.
1020 2337 1209 2379 Elderen
1253 2335 1374 2377 venit
1416 2335 1471 2377 ad
1515 2335 1784 2377 exorcismos
1827 2335 1904 2376 ad—

728 2394 729 2454 }
807 2404 1018 2446 bibendos
1042 2407 1086 2446 et
1109 2401 1406 2445 confessiones
1430 2401 1712 2456 excipiendas
1735 2401 1903 2454 (1043).

451 2482 552 2516 Febr.
581 2481 613 2515 2.
729 2458 814 2529 {Die
842 2479 1109 2515 Purificationis
1137 2479 1176 2513 B.
1204 2478 1251 2512 M.
1283 2477 1323 2512 V.
1360 2477 1550 2523 Augustae
1584 2477 1622 2511 in
1657 2477 1745 2512 eccl.
1785 2476 1905 2511 cathe-

810 2535 901 2569 drali
928 2534 998 2568 diei
1025 2533 1109 2568 festi
1136 2533 1311 2567 rationem
1339 2534 1375 2566 et
1402 2543 1506 2566 usum
1534 2531 1684 2576 exponit
1709 2543 1751 2566 ac
1770 2542 1904 2565 morem

811 2589 982 2624 candelas
1017 2587 1251 2622 benedicendi
1288 2588 1323 2620 et
1359 2586 1395 2620 in
1430 2597 1561 2631 pompa
1596 2596 1701 2620 sacra
1740 2585 1907 2629 gestandi

812 2643 973 2678 defendit
1002 2642 1118 2686 (828).

455 2697 558 2731 Febr.
585 2698 618 2731 6.
751 2698 853 2732 Dom.
893 2697 1024 2740 Sexag.
1065 2696 1197 2731 ibidem
1235 2706 1365 2737 evang.
1409 2693 1479 2727 diei
1522 2705 1707 2738 exponens
1750 2693 1908 2727 ostendit

814 2752 964 2786 verbum
992 2751 1057 2785 Dei
1083 2762 1104 2784 a
1130 2748 1410 2795 protestantium
1439 2747 1748 2782 contionatoribus
1775 2747 1908 2781 effundi

814 2809 850 2841 et
875 2804 1076 2850 corrumpi:
1106 2804 1148 2838 de
1168 2803 1292 2847 quinto
1311 2813 1453 2846 quoque
1473 2804 1665 2846 praecepto
1684 2800 1772 2835 dicit
1793 2800 1909 2845 (828).

404 2887 519 2930 inter
552 2890 591 2932 7.
627 2890 672 2930 et
755 2884 968 2928 Monachii
1011 2883 1235 2925 Sociorum
1278 2880 1576 2923 confessiones
1620 2882 1664 2923 et
1706 2883 1908 2923 votorum

425 2955 492 2998 11.
527 2954 653 2997 Febr.
814 2950 1125 2994 renovationes
1158 2947 1322 3002 excipit
1355 2947 1458 3000 (447
1495 2944 1614 2999 941).

363 3027 443 3069 sub
488 3028 552 3069 11.
590 3023 1003 3078 Feb1·.‚Augusta111
1036 3020 1276 3063 revertitur
1309 3018 1448 3072 (447).

447 3102 551 3137 Febr.
581 3102 634 3136 13.
756 3099 858 3134 Dom.
886 3098 1091 3143 Quinquag.
1117 3097 1153 3131 in
1179 3096 1266 3131 eccl.
1295 3094 1496 3130 cathedrali
1522 3106 1567 3128 ex
1594 3104 1724 3136 evang.
1761 3093 1831 3128 diei
1870 3093 1913 3127 de

817 3153 982 3199 proxima
1006 3151 1292 3195 Quadragesima
1320 3148 1406 3183 dicit
1434 3151 1486 3189 et,
1513 3147 1689 3192 quomodo
1715 3146 1911 3181 Christiani
