2182 3339
164 239 254 274 1563

166 461 257 496 1563

167 682 258 717 1563

168 849 258 885 1563

169 1017 260 1052 1563

169 1131 259 1166 1563

169 1298 259 1334 1563

161 1541 275 1582 1563

162 1679 274 1720 1563

171 1885 262 1920 1563

173 1999 263 2034 1563

166 2133 278 2174 1563

174 2273 264 2309 1563

174 2387 264 2422 1563

175 2664 265 2699 1563
332 2714 334 2718 .

177 2887 267 2922 1563

178 3058 267 3093 1563
334 3045 725 3127 3De0;L(N0v.292)'

657 119 747 154 1563
775 119 873 165 Sept.
901 119 958 154 21.
986 139 1032 143 -——
1063 119 1152 154 1563
1180 119 1265 154 Dec.
1296 120 1325 154 1.

433 238 513 274 Oct.
541 239 598 274 28.

434 461 514 496 Oct.
542 461 599 496 31.

363 683 458 717 inter
483 682 667 717 ineuntem

339 736 436 782 Sept.
453 740 489 771 et
503 739 696 772 exeuntem

475 791 559 826 Dec.

442 850 535 886 Nov.
565 852 594 886 1.

437 1019 530 1054 Nov.
559 1020 590 1054 2.

437 1133 530 1168 Nov.
559 1135 590 1169 6.

439 1301 532 1336 Nov.
561 1302 592 1337 7.

370 1542 485 1586 Nov.
523 1545 561 1587 7.
596 1543 668 1586 vel

387 1610 519 1664 paulo
553 1612 655 1664 post

408 1682 487 1723 sub
520 1681 632 1724 med.

418 1762 473 1790 m.
509 1747 623 1790 Nov.

343 1888 411 1923 sub
429 1890 522 1924 med.
543 1901 588 1924 m.
608 1889 701 1925 Nov.

388 1943 462 1986 (11.
490 1946 526 1977 et
556 1944 658 1989 145³)
719 1954 720 1959 ¹

330 2053 331 2059 ἵ
363 2003 474 2046 (inter
501 2004 532 2038 7.
560 2007 596 2038 et
622 2004 679 2039 20.

452 2056 592 2102 Nov.‘?)

390 2136 532 2179 medio
565 2137 658 2180 fere

465 2203 581 2247 Nov.

433 2279 526 2314 Nov.
553 2280 609 2315 20.

433 2393 525 2429 Nov.
553 2395 610 2430 21.

435 2670 527 2705 Nov.
555 2670 611 2705 28.

436 2891 528 2926 Nov.
555 2892 612 2928 30.

1781 135 1891 163 XLIX

732 238 797 272 Die
825 238 886 274 SS.
915 238 1070 273 Simonis
1098 241 1133 273 et
1162 239 1270 273 Iudae
1298 238 1389 284 App.
1417 238 1549 273 ibidem
1576 239 1668 281 alia,
1696 250 1789 284 quae
1816 252 1894 285 pro-

792 295 973 327 testantes
1000 293 1178 328 adversus
1204 292 1447 336 magistratus
1474 304 1598 327 sacros
1634 305 1679 328 ex
1707 293 1896 339 Scriptura

792 347 993 392 proferunt,
1025 346 1162 381 refellit
1188 349 1297 392 atque
1325 347 1369 381 de
1397 346 1532 381 Christi
1560 347 1595 381 in
1623 348 1809 393 apostolos
1836 348 1895 383 ho-

793 413 946 445 rumque
973 402 1008 435 in
1037 401 1222 435 Christum
1251 402 1405 435 caritate
1432 401 1521 436 dicit
1549 401 1666 446 (824).

734 460 836 496 Dom.
864 461 979 495 XXII.
1007 463 1091 506 post
1116 460 1220 496 Pent.
1257 461 1390 495 ibidem
1428 473 1507 503 eos,
1549 462 1610 506 qui
1645 461 1748 506 leges
1785 462 1897 497 eccle-

794 514 964 549 siasticas
983 515 1065 560 plus
1082 527 1213 549 nocere
1231 526 1339 559 quam
1358 515 1532 560 prodesse
1550 515 1702 560 ideoque
1716 516 1898 551 tollendas

795 580 875 603 esse
911 569 1053 610 dicant,
1090 568 1229 603 refellit
1264 572 1301 603 et
1336 581 1382 603 ex
1418 569 1609 614 evangelio
1646 569 1717 604 diei
1753 570 1796 605 de
1826 570 1898 606 fide

786 622 983 665 „hahenaim
1011 623 1188 667 augenda,
1221 623 1492 658 conseruanda“
1522 623 1610 658 dicit
1638 624 1752 669 (824).

736 683 766 716 A
802 685 968 717 matrona
1003 682 1114 717 nobili
1151 683 1207 717 bis
1242 683 1443 717 arcessitus
1478 683 1710 718 contionatur
1736 686 1805 719 etc.
1846 684 1896 728 (in

783 737 861 771 eius
888 748 971 771 arce
983 736 1019 781 ‘?)
1051 736 1192 781 (1039).

735 850 801 885 Die
829 850 997 885 Omnium
1027 850 1240 885 Sanctorum
1268 849 1461 897 Augustae
1496 851 1531 886 in
1569 851 1657 887 eccl.
1697 852 1898 887 cathedrali

798 905 840 939 de
867 906 1006 939 ratione
1034 905 1119 939 festi
1146 917 1188 939 ac
1215 905 1259 939 de
1278 905 1494 940 Sanctorum
1513 906 1775 941 intercessione
1794 909 1831 941 et
1848 906 1899 941 in-

796 959 987 993 vocatione
1014 959 1247 993 contionatur
1276 959 1392 1004 (824).

736 1019 803 1053 Die
839 1018 1008 1053 Omnium
1045 1019 1308 1054 Defunctorum
1345 1019 1389 1054 de
1424 1020 1637 1065 purgatorio
1673 1023 1711 1055 et
1745 1020 1789 1055 de
1825 1020 1899 1055 ani-

796 1073 924 1107 mabus
951 1073 1206 1108 defunctorum
1232 1074 1403 1108 iuvandis
1431 1074 1520 1108 dicit
1548 1074 1665 1118 (824).

742 1133 953 1166 Tridentum
989 1138 1019 1166 et
1054 1134 1103 1166 ad
1139 1134 1362 1167 cardinalem
1391 1134 1543 1167 Hosium
1578 1139 1609 1167 et
1644 1135 1692 1167 ad
1722 1135 1900 1169 Lainium

717 1219 718 1228 ¹
791 1189 1040 1230 praepositum
1065 1188 1266 1230 yeteeralem
1288 1188 1459 1221 Canisv'us
1483 1189 1592 1222 mittit
1613 1189 1821 1232 „Epis-solas
1842 1190 1899 1223 In-

798 1239 920 1274 dicas“
948 1242 1119 1284 Dumque
1144 1243 1260 1285 ‘ipsius
1286 1253 1377 1275 cura
1404 1253 1553 1276 esec-usas
1581 1241 1667 1285 (377
1696 1242 1796 1287 381).

738 1301 839 1335 Dom.
859 1300 992 1334 XXIII.
1011 1303 1094 1345 post
1111 1300 1214 1334 Pent.
1242 1300 1279 1334 in
1306 1300 1394 1336 eccl.
1422 1301 1624 1340 cathedrali
1643 1304 1899 1347 argumentum

798 1355 978 1399 quoddam
1006 1354 1184 1389 adversus
1211 1354 1314 1398 leges
1339 1355 1612 1390 ecclesiasticas
1639 1368 1684 1390 ex
1711 1355 1900 1402 Scriptura

797 1408 977 1454 prolatum
1018 1408 1156 1442 refutat
1191 1411 1226 1443 et
1263 1421 1308 1443 ex
1344 1409 1535 1454 evangelio
1571 1409 1642 1444 diei
1685 1410 1899 1445 iniuriarum

798 1463 1097 1497 condonationem
1125 1463 1355 1497 commendat
1383 1463 1500 1508 (824).

738 1540 962 1597 Dilingam
995 1541 1298 1596 proficiscitur,
1333 1544 1383 1585 ut
1415 1557 1503 1585 una
1536 1557 1633 1585 cum
1663 1543 1711 1587 P.
1736 1544 1900 1587 Natale

798 1621 959 1649 novum
972 1607 1206 1652 Societatis
1219 1608 1453 1662 collegium
1466 1609 1647 1652 adiuvet
1658 1608 1762 1662 (377
1781 1611 1901 1665 396).

718 1675 1093 1722 *Weissenhornii
1135 1680 1250 1735 apud
1286 1681 1524 1735 Georgium
1558 1681 1811 1736 Fuggerum
1856 1685 1901 1725 et

798 1745 1008 1788 Ursulam
1042 1746 1134 1788 eius
1169 1760 1351 1788 uxorem
1383 1761 1546 1802 paucos
1580 1747 1673 1790 dies
1695 1752 1902 1792 versatur

801 1810 904 1863 (377
941 1813 1061 1865 396).

739 1887 874 1922 Ibidem
895 1888 985 1922 duas
1004 1889 1190 1923 contiones
1213 1888 1357 1932 (diebus
1377 1889 1411 1924 S.
1427 1889 1577 1924 Martini
1597 1892 1634 1924 et
1647 1890 1751 1925 Dom.
1767 1890 1899 1926 XXIV.

800 1944 883 1986 post
909 1942 1059 1987 Pent.‘?)
1088 1942 1199 1977 habet
1226 1942 1341 1987 (397).

740 2001 780 2035 In
807 2001 994 2035 civitatem
1022 2002 1251 2037 lutheranam
1279 2003 1324 2037 ad
1351 2002 1533 2038 hominem
1555 2003 1774 2039 catholicum
1795 2004 1901 2039 dedu-

800 2055 895 2090 citur
924 2056 1064 2100 (1039).

741 2135 963 2190 Dilingam
997 2135 1110 2179 redit
1144 2135 1284 2189 (396).

720 2264 721 2273 ἵ
741 2277 931 2324 Augustae
958 2278 1155 2323 parochum
1174 2277 1562 2313 weissenhorniensem
1582 2278 1697 2313 sacris
1717 2279 1904 2314 exercitiis

802 2332 938 2366 excolit
967 2332 1082 2376 (397).

720 2394 842 2447 {Dom.
878 2393 1009 2427 ultima
1042 2395 1125 2438 post
1160 2393 1264 2428 Pent.
1300 2394 1335 2427 in
1372 2393 1460 2428 eccl.
1497 2393 1699 2428 cathedrali
1735 2393 1904 2434 ostendit,

801 2448 965 2482 homines
979 2447 1259 2490 magistratibus
1274 2447 1535 2482 ecclesiasticis
1550 2447 1771 2482 oboediendo
1786 2448 1902 2482 Deum

802 2501 947 2547 placare
974 2504 1009 2535 et
1036 2501 1192 2545 gratiam
1220 2501 1369 2543 mereri,
1403 2504 1513 2546 atque
1540 2513 1586 2536 ex
1614 2501 1806 2545 evangelio
1834 2501 1904 2536 diei

803 2556 917 2596 docet,
945 2556 1122 2601 quomodo
1149 2556 1185 2590 in
1213 2555 1485 2590 calamitatibus
1512 2555 1688 2590 auxilium
1707 2555 1903 2600 petendum

802 2610 850 2644 sit
877 2622 897 2644 a
925 2610 999 2644 Deo
1030 2610 1144 2653 (824).

721 2669 723 2674 ’
742 2670 846 2705 Dom.
866 2670 890 2703 I.
911 2670 1101 2704 Adventus
1128 2669 1260 2703 ibidem
1279 2669 1474 2709 auditores,
1501 2669 1596 2713 quod
1616 2669 1661 2703 ad
1679 2669 1903 2714 peccandum

802 2724 950 2765 faciles,
989 2724 1114 2758 orandi
1140 2723 1380 2767 neglegentes
1415 2723 1508 2765 sint,
1547 2723 1730 2768 increpat;
1771 2722 1903 2768 capita,

804 2790 897 2822 quae
924 2790 987 2823 per
1013 2778 1212 2812 adventum
1239 2777 1475 2819 meditentur,
1503 2777 1548 2811 iis
1574 2777 1761 2822 p1·oponit;
1795 2788 1903 2811 evan-

805 2832 939 2876 gelium
967 2832 1037 2866 diei
1065 2832 1109 2866 ad
1136 2832 1261 2865 eadem
1289 2831 1538 2865 accommodat
1571 2830 1686 2875 (825).

744 2891 811 2926 Die
838 2892 872 2926 S.
901 2892 1069 2926 Andreae
1096 2892 1162 2936 Ap.
1190 2891 1322 2925 ibidem
1350 2903 1395 2925 ex
1422 2902 1554 2934 evang.
1582 2890 1651 2925 diei
1685 2891 1728 2925 de
1761 2892 1904 2935 aposto-

804 2946 922 2979 lorum
950 2945 1128 2989 dignitate
1156 2956 1197 2979 ac
1224 2945 1267 2979 de
1293 2945 1364 2979 fide
1391 2945 1427 2979 in
1454 2945 1585 2979 animis
1604 2944 1850 2979 confirmanda
1869 2947 1904 2978 et

804 3000 839 3034 in
868 2999 1030 3033 homines
1056 2998 1291 3044 propaganda
1318 2999 1548 3033 contionatur
1573 2999 1688 3043 (826).

744 3059 823 3093 Fer.
852 3058 914 3093 IV.
943 3059 1050 3102 (115²)
1080 3058 1133 3092 De
1168 3057 1360 3103 prophetia
1386 3058 1493 3092 Ionae
1531 3058 1584 3100 (in
1618 3058 1755 3103 templo
1791 3057 1825 3092 S.
1852 3057 1904 3091 Io-

806 3112 928 3153 annis,
965 3115 1004 3146 ut
1032 3112 1192 3155 videtur)
1222 3108 1463 3146 contionatur.
1515 3112 1790 3146 Oboedientiam
1818 3122 1904 3155 erga

806 3166 920 3200 Deum
950 3169 985 3200 et
1012 3166 1273 3211 paenitentiam
1301 3166 1531 3200 commendat
1560 3165 1674 3209 (826).
