<?xml version="1.0" encoding="UTF-8"?>
<!DOCTYPE html PUBLIC "-//W3C//DTD XHTML 1.0 Transitional//EN"
    "http://www.w3.org/TR/xhtml1/DTD/xhtml1-transitional.dtd">
<html xmlns="http://www.w3.org/1999/xhtml" xml:lang="en" lang="en">
 <head>
  <title>
</title>
<meta http-equiv="Content-Type" content="text/html;charset=utf-8" />
  <meta name='ocr-system' content='tesseract 3.04.00' />
  <meta name='ocr-capabilities' content='ocr_page ocr_carea ocr_par ocr_line ocrx_word'/>
</head>
<body>
  <div class='ocr_page' id='page_1' title='image "beatipetricanisi04cani_0034.png"; bbox 0 0 2182 3339; ppageno 0'>
   <div class='ocr_carea' id='block_1_1' title="bbox 270 103 1515 149">
    <p class='ocr_par' dir='ltr' id='par_1_1' title="bbox 270 103 1515 149">
     <span class='ocr_line' id='line_1_1' title="bbox 270 103 1515 149; baseline 0 -11"><span class='ocrx_word' id='word_1_1' title='bbox 270 120 387 149; x_wconf 70' lang='lat' dir='ltr'>XXVI</span> <span class='ocrx_word' id='word_1_2' title='bbox 823 104 866 138; x_wconf 86' lang='lat' dir='ltr'>ll.</span> <span class='ocrx_word' id='word_1_3' title='bbox 904 104 1132 138; x_wconf 88' lang='lat' dir='ltr'>Prooemium</span> <span class='ocrx_word' id='word_1_4' title='bbox 1160 103 1356 139; x_wconf 87' lang='lat' dir='ltr'>voluminis</span> <span class='ocrx_word' id='word_1_5' title='bbox 1383 105 1515 148; x_wconf 89' lang='lat' dir='ltr'>quarti.</span> 
     </span>
    </p>
   </div>
   <div class='ocr_carea' id='block_1_2' title="bbox 266 221 2060 3187">
    <p class='ocr_par' dir='ltr' id='par_1_2' title="bbox 267 221 2059 483">
     <span class='ocr_line' id='line_1_2' title="bbox 267 221 2059 268; baseline 0.001 -11"><span class='ocrx_word' id='word_1_6' title='bbox 267 222 546 268; x_wconf 80' lang='lat' dir='ltr'>quibuscunque</span> <span class='ocrx_word' id='word_1_7' title='bbox 581 224 749 268; x_wconf 75' lang='lat' dir='ltr'>possent,</span> <span class='ocrx_word' id='word_1_8' title='bbox 794 221 1113 267; x_wconf 81' lang='lat' dir='ltr'>promissionibus,</span> <span class='ocrx_word' id='word_1_9' title='bbox 1150 221 1404 257; x_wconf 71' lang='lat' dir='ltr'>donationibus</span> <span class='ocrx_word' id='word_1_10' title='bbox 1439 222 1517 257; x_wconf 91' lang='lat' dir='ltr'>sedi</span> <span class='ocrx_word' id='word_1_11' title='bbox 1553 222 1774 267; x_wconf 86' lang='lat' dir='ltr'>apostolicae</span> <span class='ocrx_word' id='word_1_12' title='bbox 1810 223 2004 258; x_wconf 85' lang='lat' dir='ltr'>conciliare</span> <span class='ocrx_word' id='word_1_13' title='bbox 2038 234 2059 258; x_wconf 86' lang='lat' dir='ltr'>a</span> 
     </span>
     <span class='ocr_line' id='line_1_3' title="bbox 269 275 2059 322; baseline 0.001 -11"><span class='ocrx_word' id='word_1_14' title='bbox 269 277 438 322; x_wconf 88' lang='lat' dir='ltr'>pontifice</span> <span class='ocrx_word' id='word_1_15' title='bbox 473 276 564 311; x_wconf 88' lang='lat' dir='ltr'>iussi</span> <span class='ocrx_word' id='word_1_16' title='bbox 599 278 723 311; x_wconf 89' lang='lat' dir='ltr'>essent</span> <span class='ocrx_word' id='word_1_17' title='bbox 753 275 838 319; x_wconf 86' lang='grc'>(964</span> <span class='ocrx_word' id='word_1_18' title='bbox 865 276 972 319; x_wconf 84' lang='grc'>970),</span> <span class='ocrx_word' id='word_1_19' title='bbox 1010 275 1179 310; x_wconf 87' lang='lat' dir='ltr'>Canisius</span> <span class='ocrx_word' id='word_1_20' title='bbox 1206 287 1349 320; x_wconf 88' lang='lat' dir='ltr'>quoque</span> <span class='ocrx_word' id='word_1_21' title='bbox 1378 276 1446 311; x_wconf 92' lang='lat'>100</span> <span class='ocrx_word' id='word_1_22' title='bbox 1473 276 1624 311; x_wconf 83' lang='lat' dir='ltr'>ducatos</span> <span class='ocrx_word' id='word_1_23' title='bbox 1651 288 1671 310; x_wconf 86' lang='lat' dir='ltr'>a</span> <span class='ocrx_word' id='word_1_24' title='bbox 1698 276 1883 312; x_wconf 79' lang='lat' dir='ltr'>cardinale</span> <span class='ocrx_word' id='word_1_25' title='bbox 1909 278 2059 312; x_wconf 87' lang='lat' dir='ltr'>Morono</span> 
     </span>
     <span class='ocr_line' id='line_1_4' title="bbox 268 329 2058 376; baseline 0 -11"><span class='ocrx_word' id='word_1_26' title='bbox 268 331 411 376; x_wconf 86' lang='lat' dir='ltr'>accepit</span> <span class='ocrx_word' id='word_1_27' title='bbox 437 332 473 364; x_wconf 90' lang='lat' dir='ltr'>et</span> <span class='ocrx_word' id='word_1_28' title='bbox 498 330 656 365; x_wconf 75' lang='lat' dir='ltr'>admisit.</span> <span class='ocrx_word' id='word_1_29' title='bbox 708 329 785 372; x_wconf 85' lang='lat' dir='ltr'>Quo</span> <span class='ocrx_word' id='word_1_30' title='bbox 811 329 909 364; x_wconf 86' lang='lat' dir='ltr'>facto</span> <span class='ocrx_word' id='word_1_31' title='bbox 936 331 1139 364; x_wconf 70' lang='lat' dir='ltr'>Mauritius</span> <span class='ocrx_word' id='word_1_32' title='bbox 1165 331 1283 364; x_wconf 78' lang='lat' dir='ltr'>Re&#39;tter</span> <span class='ocrx_word' id='word_1_33' title='bbox 1309 331 1468 365; x_wconf 80' lang='lat' dir='ltr'>offensus</span> <span class='ocrx_word' id='word_1_34' title='bbox 1496 333 1569 366; x_wconf 87' lang='lat' dir='ltr'>est:</span> <span class='ocrx_word' id='word_1_35' title='bbox 1599 333 1709 375; x_wconf 88' lang='lat' dir='ltr'>atque</span> <span class='ocrx_word' id='word_1_36' title='bbox 1737 331 1872 366; x_wconf 89' lang='lat' dir='ltr'>Canisii</span> <span class='ocrx_word' id='word_1_37' title='bbox 1898 332 2058 365; x_wconf 88' lang='lat' dir='ltr'>animum</span> 
     </span>
     <span class='ocr_line' id='line_1_5' title="bbox 267 384 2058 429; baseline 0 -10"><span class='ocrx_word' id='word_1_38' title='bbox 267 385 344 419; x_wconf 84' lang='lat' dir='ltr'>fere</span> <span class='ocrx_word' id='word_1_39' title='bbox 370 384 535 419; x_wconf 86' lang='lat' dir='ltr'>venalem</span> <span class='ocrx_word' id='word_1_40' title='bbox 563 384 731 419; x_wconf 87' lang='lat' dir='ltr'>effectum</span> <span class='ocrx_word' id='word_1_41' title='bbox 758 384 985 429; x_wconf 84' lang='lat' dir='ltr'>pecuniaque</span> <span class='ocrx_word' id='word_1_42' title='bbox 1012 385 1222 429; x_wconf 85' lang='lat' dir='ltr'>corruptum</span> <span class='ocrx_word' id='word_1_43' title='bbox 1250 395 1329 418; x_wconf 89' lang='lat' dir='ltr'>esse</span> <span class='ocrx_word' id='word_1_44' title='bbox 1357 385 1494 418; x_wconf 76' lang='lat' dir='ltr'>Paulus</span> <span class='ocrx_word' id='word_1_45' title='bbox 1525 386 1646 419; x_wconf 77' lang='lat' dir='ltr'>Drews</span> <span class='ocrx_word' id='word_1_46' title='bbox 1681 384 1927 426; x_wconf 83' lang='lat' dir='ltr'>existimavit;</span> <span class='ocrx_word' id='word_1_47' title='bbox 1965 396 2058 429; x_wconf 89' lang='lat' dir='ltr'>quae</span> 
     </span>
     <span class='ocr_line' id='line_1_6' title="bbox 267 437 1631 483; baseline -0.001 -10"><span class='ocrx_word' id='word_1_48' title='bbox 267 450 443 474; x_wconf 80' lang='lat' dir='ltr'>censurae</span> <span class='ocrx_word' id='word_1_49' title='bbox 471 450 578 483; x_wconf 88' lang='lat' dir='ltr'>quam</span> <span class='ocrx_word' id='word_1_50' title='bbox 605 450 676 472; x_wconf 91' lang='lat' dir='ltr'>non</span> <span class='ocrx_word' id='word_1_51' title='bbox 702 438 777 473; x_wconf 90' lang='lat' dir='ltr'>sint</span> <span class='ocrx_word' id='word_1_52' title='bbox 803 449 952 482; x_wconf 88' lang='lat' dir='ltr'>aequae,</span> <span class='ocrx_word' id='word_1_53' title='bbox 979 449 1044 472; x_wconf 90' lang='lat' dir='ltr'>suo</span> <span class='ocrx_word' id='word_1_54' title='bbox 1072 437 1150 472; x_wconf 89' lang='lat' dir='ltr'>loco</span> <span class='ocrx_word' id='word_1_55' title='bbox 1178 438 1486 473; x_wconf 72' lang='lat' dir='ltr'>demonstrabitur</span> <span class='ocrx_word' id='word_1_56' title='bbox 1516 438 1631 482; x_wconf 76' lang='lat'>(971).</span> 
     </span>
    </p>

    <p class='ocr_par' dir='ltr' id='par_1_3' title="bbox 266 491 2060 2324">
     <span class='ocr_line' id='line_1_7' title="bbox 389 491 2058 538; baseline -0.001 -11"><span class='ocrx_word' id='word_1_57' title='bbox 389 493 510 527; x_wconf 85' lang='lat' dir='ltr'>Redeo</span> <span class='ocrx_word' id='word_1_58' title='bbox 546 492 590 527; x_wconf 89' lang='lat' dir='ltr'>ad</span> <span class='ocrx_word' id='word_1_59' title='bbox 624 492 725 538; x_wconf 88' lang='lat' dir='ltr'>ipsas</span> <span class='ocrx_word' id='word_1_60' title='bbox 762 493 1002 527; x_wconf 79' lang='lat' dir='ltr'>tractationes</span> <span class='ocrx_word' id='word_1_61' title='bbox 1046 491 1276 526; x_wconf 88' lang='lat' dir='ltr'>tridentinas.</span> <span class='ocrx_word' id='word_1_62' title='bbox 1343 492 1594 526; x_wconf 88' lang='lat' dir='ltr'>Ferdinandus</span> <span class='ocrx_word' id='word_1_63' title='bbox 1632 504 1696 537; x_wconf 89' lang='lat' dir='ltr'>per</span> <span class='ocrx_word' id='word_1_64' title='bbox 1733 492 1923 536; x_wconf 86' lang='lat' dir='ltr'>theologos</span> <span class='ocrx_word' id='word_1_65' title='bbox 1966 503 2058 527; x_wconf 91' lang='lat' dir='ltr'>com-</span> 
     </span>
     <span class='ocr_line' id='line_1_8' title="bbox 268 546 2059 592; baseline -0.001 -11"><span class='ocrx_word' id='word_1_66' title='bbox 268 559 376 581; x_wconf 91' lang='lat' dir='ltr'>mune</span> <span class='ocrx_word' id='word_1_67' title='bbox 412 547 591 592; x_wconf 82' lang='lat' dir='ltr'>quoddam</span> <span class='ocrx_word' id='word_1_68' title='bbox 627 547 804 592; x_wconf 85' lang='lat' dir='ltr'>scriptum</span> <span class='ocrx_word' id='word_1_69' title='bbox 841 546 1007 592; x_wconf 88' lang='lat' dir='ltr'>componi</span> <span class='ocrx_word' id='word_1_70' title='bbox 1041 546 1219 587; x_wconf 86' lang='lat' dir='ltr'>iusserat,</span> <span class='ocrx_word' id='word_1_71' title='bbox 1257 557 1326 590; x_wconf 92' lang='lat' dir='ltr'>quo</span> <span class='ocrx_word' id='word_1_72' title='bbox 1353 546 1501 581; x_wconf 86' lang='lat' dir='ltr'>Morono</span> <span class='ocrx_word' id='word_1_73' title='bbox 1534 547 1824 592; x_wconf 84' lang='lat' dir='ltr'>responderetur.</span> <span class='ocrx_word' id='word_1_74' title='bbox 1876 546 2059 592; x_wconf 79' lang='lat' dir='ltr'>Scriptum</span> 
     </span>
     <span class='ocr_line' id='line_1_9' title="bbox 269 600 2055 646; baseline -0.001 -10"><span class='ocrx_word' id='word_1_75' title='bbox 269 601 413 636; x_wconf 83' lang='lat' dir='ltr'>Canisio</span> <span class='ocrx_word' id='word_1_76' title='bbox 432 601 668 636; x_wconf 86' lang='lat' dir='ltr'>vehementer</span> <span class='ocrx_word' id='word_1_77' title='bbox 686 601 920 646; x_wconf 82' lang='lat' dir='ltr'>displicebat;</span> <span class='ocrx_word' id='word_1_78' title='bbox 949 612 1133 634; x_wconf 84' lang='lat' dir='ltr'>caesarem</span> <span class='ocrx_word' id='word_1_79' title='bbox 1152 600 1229 645; x_wconf 91' lang='lat' dir='ltr'>ipse</span> <span class='ocrx_word' id='word_1_80' title='bbox 1249 600 1339 634; x_wconf 89' lang='lat' dir='ltr'>adiit</span> <span class='ocrx_word' id='word_1_81' title='bbox 1356 602 1392 634; x_wconf 91' lang='lat' dir='ltr'>et</span> <span class='ocrx_word' id='word_1_82' title='bbox 1411 612 1531 635; x_wconf 87' lang='lat' dir='ltr'>coram</span> <span class='ocrx_word' id='word_1_83' title='bbox 1550 600 1709 635; x_wconf 88' lang='lat' dir='ltr'>monuit:</span> <span class='ocrx_word' id='word_1_84' title='bbox 1740 600 2055 644; x_wconf 85' lang='lat' dir='ltr'>„Contentiosum“</span> 
     </span>
     <span class='ocr_line' id='line_1_10' title="bbox 267 654 2059 701; baseline -0.001 -11"><span class='ocrx_word' id='word_1_85' title='bbox 267 655 355 690; x_wconf 91' lang='lat' dir='ltr'>illud</span> <span class='ocrx_word' id='word_1_86' title='bbox 383 656 560 701; x_wconf 89' lang='lat' dir='ltr'>scriptum</span> <span class='ocrx_word' id='word_1_87' title='bbox 580 655 624 689; x_wconf 88' lang='lat' dir='ltr'>ab</span> <span class='ocrx_word' id='word_1_88' title='bbox 651 654 857 689; x_wconf 89' lang='lat' dir='ltr'>hominibus</span> <span class='ocrx_word' id='word_1_89' title='bbox 884 666 1011 700; x_wconf 89' lang='lat' dir='ltr'>parum</span> <span class='ocrx_word' id='word_1_90' title='bbox 1039 654 1177 689; x_wconf 87' lang='lat' dir='ltr'>idoneis</span> <span class='ocrx_word' id='word_1_91' title='bbox 1196 655 1389 689; x_wconf 87' lang='lat' dir='ltr'>immature</span> <span class='ocrx_word' id='word_1_92' title='bbox 1408 655 1647 699; x_wconf 88' lang='lat' dir='ltr'>compositum</span> <span class='ocrx_word' id='word_1_93' title='bbox 1666 666 1766 696; x_wconf 88' lang='lat' dir='ltr'>esse;</span> <span class='ocrx_word' id='word_1_94' title='bbox 1795 666 1921 689; x_wconf 89' lang='lat' dir='ltr'>caesar</span> <span class='ocrx_word' id='word_1_95' title='bbox 1938 654 2059 700; x_wconf 84' lang='lat' dir='ltr'>potius</span> 
     </span>
     <span class='ocr_line' id='line_1_11' title="bbox 268 708 2058 756; baseline -0.001 -12"><span class='ocrx_word' id='word_1_96' title='bbox 268 710 430 756; x_wconf 88' lang='lat' dir='ltr'>pontifici</span> <span class='ocrx_word' id='word_1_97' title='bbox 466 709 580 744; x_wconf 85' lang='lat' dir='ltr'>amice</span> <span class='ocrx_word' id='word_1_98' title='bbox 607 721 646 744; x_wconf 90' lang='lat' dir='ltr'>se</span> <span class='ocrx_word' id='word_1_99' title='bbox 673 709 910 753; x_wconf 83' lang='lat' dir='ltr'>coniungeret</span> <span class='ocrx_word' id='word_1_100' title='bbox 936 721 1091 752; x_wconf 87' lang='lat' dir='ltr'>eumque</span> <span class='ocrx_word' id='word_1_101' title='bbox 1118 709 1154 742; x_wconf 92' lang='lat' dir='ltr'>in</span> <span class='ocrx_word' id='word_1_102' title='bbox 1181 708 1432 743; x_wconf 83' lang='lat' dir='ltr'>reformandae</span> <span class='ocrx_word' id='word_1_103' title='bbox 1460 708 1636 743; x_wconf 88' lang='lat' dir='ltr'>ecclesiae</span> <span class='ocrx_word' id='word_1_104' title='bbox 1662 709 1783 743; x_wconf 91' lang='lat' dir='ltr'>studio</span> <span class='ocrx_word' id='word_1_105' title='bbox 1811 709 2058 750; x_wconf 82' lang='lat' dir='ltr'>confirmaret;</span> 
     </span>
     <span class='ocr_line' id='line_1_12' title="bbox 266 762 2059 808; baseline -0.001 -10"><span class='ocrx_word' id='word_1_106' title='bbox 266 776 350 798; x_wconf 87' lang='lat' dir='ltr'>cum</span> <span class='ocrx_word' id='word_1_107' title='bbox 377 763 560 799; x_wconf 85' lang='lat' dir='ltr'>cardinale</span> <span class='ocrx_word' id='word_1_108' title='bbox 587 775 656 797; x_wconf 89' lang='lat' dir='ltr'>non</span> <span class='ocrx_word' id='word_1_109' title='bbox 683 763 842 808; x_wconf 90' lang='lat' dir='ltr'>scriptis,</span> <span class='ocrx_word' id='word_1_110' title='bbox 873 762 937 797; x_wconf 90' lang='lat' dir='ltr'>sed</span> <span class='ocrx_word' id='word_1_111' title='bbox 964 763 1086 797; x_wconf 86' lang='lat' dir='ltr'>verbis</span> <span class='ocrx_word' id='word_1_112' title='bbox 1113 765 1257 806; x_wconf 84' lang='lat' dir='ltr'>ageret:</span> <span class='ocrx_word' id='word_1_113' title='bbox 1290 763 1361 797; x_wconf 89' lang='lat' dir='ltr'>iam</span> <span class='ocrx_word' id='word_1_114' title='bbox 1389 762 1503 797; x_wconf 84' lang='lat' dir='ltr'>multa</span> <span class='ocrx_word' id='word_1_115' title='bbox 1530 763 1573 797; x_wconf 91' lang='lat' dir='ltr'>de</span> <span class='ocrx_word' id='word_1_116' title='bbox 1601 762 1755 798; x_wconf 87' lang='lat' dir='ltr'>ecclesia</span> <span class='ocrx_word' id='word_1_117' title='bbox 1780 762 2011 797; x_wconf 86' lang='lat' dir='ltr'>reformanda</span> <span class='ocrx_word' id='word_1_118' title='bbox 2038 773 2059 797; x_wconf 88' lang='lat' dir='ltr'>a</span> 
     </span>
     <span class='ocr_line' id='line_1_13' title="bbox 267 816 2057 863; baseline -0.001 -11"><span class='ocrx_word' id='word_1_119' title='bbox 267 818 420 853; x_wconf 89' lang='lat' dir='ltr'>concilio</span> <span class='ocrx_word' id='word_1_120' title='bbox 451 818 675 863; x_wconf 76' lang='lat' dir='ltr'>„praeclare“</span> <span class='ocrx_word' id='word_1_121' title='bbox 700 829 780 852; x_wconf 90' lang='lat' dir='ltr'>esse</span> <span class='ocrx_word' id='word_1_122' title='bbox 808 817 1007 851; x_wconf 89' lang='lat' dir='ltr'>constituta</span> <span class='ocrx_word' id='word_1_123' title='bbox 1038 817 1273 859; x_wconf 85' lang='lat'>(174—177).</span> <span class='ocrx_word' id='word_1_124' title='bbox 1319 817 1507 852; x_wconf 84' lang='lat' dir='ltr'>Persuasit</span> <span class='ocrx_word' id='word_1_125' title='bbox 1532 817 1752 862; x_wconf 88' lang='lat' dir='ltr'>imperatori,</span> <span class='ocrx_word' id='word_1_126' title='bbox 1779 817 1872 862; x_wconf 90' lang='lat' dir='ltr'>quod</span> <span class='ocrx_word' id='word_1_127' title='bbox 1893 816 2057 851; x_wconf 89' lang='lat' dir='ltr'>volebat:</span> 
     </span>
     <span class='ocr_line' id='line_1_14' title="bbox 269 871 2059 916; baseline -0.001 -9"><span class='ocrx_word' id='word_1_128' title='bbox 269 872 518 907; x_wconf 88' lang='lat' dir='ltr'>Ferdinandus</span> <span class='ocrx_word' id='word_1_129' title='bbox 537 872 713 916; x_wconf 89' lang='lat' dir='ltr'>scriptum</span> <span class='ocrx_word' id='word_1_130' title='bbox 740 871 829 905; x_wconf 87' lang='lat' dir='ltr'>illud</span> <span class='ocrx_word' id='word_1_131' title='bbox 858 871 983 905; x_wconf 91' lang='lat' dir='ltr'>multis</span> <span class='ocrx_word' id='word_1_132' title='bbox 1007 871 1123 905; x_wconf 85' lang='lat' dir='ltr'>modis</span> <span class='ocrx_word' id='word_1_133' title='bbox 1146 871 1423 913; x_wconf 74' lang='lat' dir='ltr'>„resecandum“</span> <span class='ocrx_word' id='word_1_134' title='bbox 1446 872 1608 912; x_wconf 73' lang='lat' dir='ltr'>curavit:</span> <span class='ocrx_word' id='word_1_135' title='bbox 1637 871 1785 905; x_wconf 85' lang='lat' dir='ltr'>Morono</span> <span class='ocrx_word' id='word_1_136' title='bbox 1812 872 1889 916; x_wconf 91' lang='lat' dir='ltr'>ipse</span> <span class='ocrx_word' id='word_1_137' title='bbox 1916 871 2059 905; x_wconf 89' lang='lat' dir='ltr'>locutus</span> 
     </span>
     <span class='ocr_line' id='line_1_15' title="bbox 266 924 2057 971; baseline -0.001 -10"><span class='ocrx_word' id='word_1_138' title='bbox 266 929 343 967; x_wconf 81' lang='lat' dir='ltr'>est3</span> <span class='ocrx_word' id='word_1_139' title='bbox 371 927 518 961; x_wconf 89' lang='lat' dir='ltr'>tandem</span> <span class='ocrx_word' id='word_1_140' title='bbox 545 926 646 971; x_wconf 88' lang='lat' dir='ltr'>plus,</span> <span class='ocrx_word' id='word_1_141' title='bbox 674 937 782 970; x_wconf 90' lang='lat' dir='ltr'>quam</span> <span class='ocrx_word' id='word_1_142' title='bbox 810 925 982 959; x_wconf 90' lang='lat' dir='ltr'>Moronus</span> <span class='ocrx_word' id='word_1_143' title='bbox 1009 937 1120 960; x_wconf 87' lang='lat' dir='ltr'>ausus</span> <span class='ocrx_word' id='word_1_144' title='bbox 1147 927 1226 960; x_wconf 88' lang='lat' dir='ltr'>erat</span> <span class='ocrx_word' id='word_1_145' title='bbox 1252 937 1419 970; x_wconf 89' lang='lat' dir='ltr'>sperare,</span> <span class='ocrx_word' id='word_1_146' title='bbox 1447 926 1626 959; x_wconf 87' lang='lat' dir='ltr'>concessit</span> <span class='ocrx_word' id='word_1_147' title='bbox 1655 925 1861 969; x_wconf 77' lang='lat'>(182-—185</span> <span class='ocrx_word' id='word_1_148' title='bbox 1880 925 1980 968; x_wconf 85' lang='grc'>202),</span> <span class='ocrx_word' id='word_1_149' title='bbox 2008 924 2057 959; x_wconf 87' lang='lat' dir='ltr'>ita</span> 
     </span>
     <span class='ocr_line' id='line_1_16' title="bbox 268 978 2059 1024; baseline -0.002 -9"><span class='ocrx_word' id='word_1_150' title='bbox 268 983 309 1015; x_wconf 88' lang='lat' dir='ltr'>ut</span> <span class='ocrx_word' id='word_1_151' title='bbox 344 981 504 1015; x_wconf 82' lang='lat' dir='ltr'>maxima</span> <span class='ocrx_word' id='word_1_152' title='bbox 541 980 799 1014; x_wconf 86' lang='lat' dir='ltr'>difficultatum</span> <span class='ocrx_word' id='word_1_153' title='bbox 831 982 934 1024; x_wconf 89' lang='lat' dir='ltr'>parte</span> <span class='ocrx_word' id='word_1_154' title='bbox 961 979 1105 1014; x_wconf 85' lang='lat' dir='ltr'>sublata</span> <span class='ocrx_word' id='word_1_155' title='bbox 1133 979 1276 1014; x_wconf 89' lang='lat' dir='ltr'>concilii</span> <span class='ocrx_word' id='word_1_156' title='bbox 1303 979 1450 1023; x_wconf 85' lang='lat' dir='ltr'>negotia</span> <span class='ocrx_word' id='word_1_157' title='bbox 1478 979 1648 1024; x_wconf 88' lang='lat' dir='ltr'>deinceps</span> <span class='ocrx_word' id='word_1_158' title='bbox 1682 979 1789 1024; x_wconf 87' lang='lat' dir='ltr'>longe</span> <span class='ocrx_word' id='word_1_159' title='bbox 1825 978 2059 1023; x_wconf 81' lang='lat' dir='ltr'>tranquillius</span> 
     </span>
     <span class='ocr_line' id='line_1_17' title="bbox 269 1033 2057 1079; baseline -0.001 -10"><span class='ocrx_word' id='word_1_160' title='bbox 269 1035 461 1079; x_wconf 86' lang='lat' dir='ltr'>procedere</span> <span class='ocrx_word' id='word_1_161' title='bbox 489 1037 525 1068; x_wconf 87' lang='lat' dir='ltr'>et</span> <span class='ocrx_word' id='word_1_162' title='bbox 543 1046 584 1068; x_wconf 89' lang='lat' dir='ltr'>eo</span> <span class='ocrx_word' id='word_1_163' title='bbox 602 1034 681 1079; x_wconf 87' lang='lat' dir='ltr'>ipso</span> <span class='ocrx_word' id='word_1_164' title='bbox 699 1045 792 1068; x_wconf 90' lang='lat' dir='ltr'>anno</span> <span class='ocrx_word' id='word_1_165' title='bbox 813 1034 932 1068; x_wconf 89' lang='lat' dir='ltr'>fauste</span> <span class='ocrx_word' id='word_1_166' title='bbox 951 1033 1092 1068; x_wconf 89' lang='lat' dir='ltr'>absolvi</span> <span class='ocrx_word' id='word_1_167' title='bbox 1112 1036 1260 1078; x_wconf 85' lang='lat' dir='ltr'>possent</span> <span class='ocrx_word' id='word_1_168' title='bbox 1282 1034 1396 1077; x_wconf 86' lang='lat'>(980).</span> <span class='ocrx_word' id='word_1_169' title='bbox 1433 1034 1548 1076; x_wconf 80' lang='lat' dir='ltr'>Quam</span> <span class='ocrx_word' id='word_1_170' title='bbox 1567 1045 1761 1068; x_wconf 88' lang='lat' dir='ltr'>successus</span> <span class='ocrx_word' id='word_1_171' title='bbox 1779 1033 2057 1079; x_wconf 86' lang='lat' dir='ltr'>prosperitatem</span> 
     </span>
     <span class='ocr_line' id='line_1_18' title="bbox 269 1087 2058 1133; baseline -0.001 -10"><span class='ocrx_word' id='word_1_172' title='bbox 269 1089 442 1124; x_wconf 91' lang='lat' dir='ltr'>Moronus</span> <span class='ocrx_word' id='word_1_173' title='bbox 469 1088 613 1123; x_wconf 87' lang='lat' dir='ltr'>Canisio</span> <span class='ocrx_word' id='word_1_174' title='bbox 652 1088 729 1133; x_wconf 90' lang='lat' dir='ltr'>(qui</span> <span class='ocrx_word' id='word_1_175' title='bbox 766 1088 874 1122; x_wconf 89' lang='lat' dir='ltr'>etiam</span> <span class='ocrx_word' id='word_1_176' title='bbox 912 1088 1027 1122; x_wconf 87' lang='lat' dir='ltr'>sacris</span> <span class='ocrx_word' id='word_1_177' title='bbox 1064 1088 1232 1132; x_wconf 89' lang='lat' dir='ltr'>precibus</span> <span class='ocrx_word' id='word_1_178' title='bbox 1267 1100 1331 1133; x_wconf 90' lang='lat' dir='ltr'>per</span> <span class='ocrx_word' id='word_1_179' title='bbox 1360 1087 1576 1122; x_wconf 85' lang='lat' dir='ltr'>Germaniae</span> <span class='ocrx_word' id='word_1_180' title='bbox 1602 1088 1800 1132; x_wconf 87' lang='lat' dir='ltr'>superioris</span> <span class='ocrx_word' id='word_1_181' title='bbox 1826 1087 1980 1131; x_wconf 85' lang='lat' dir='ltr'>collegia</span> <span class='ocrx_word' id='word_1_182' title='bbox 2006 1087 2058 1121; x_wconf 91' lang='lat' dir='ltr'>in-</span> 
     </span>
     <span class='ocr_line' id='line_1_19' title="bbox 267 1141 2058 1187; baseline -0.002 -9"><span class='ocrx_word' id='word_1_183' title='bbox 267 1143 376 1178; x_wconf 90' lang='lat' dir='ltr'>dictis</span> <span class='ocrx_word' id='word_1_184' title='bbox 396 1155 477 1178; x_wconf 84' lang='lat' dir='ltr'>euin</span> <span class='ocrx_word' id='word_1_185' title='bbox 496 1143 702 1187; x_wconf 85' lang='lat' dir='ltr'>adiuverat)</span> <span class='ocrx_word' id='word_1_186' title='bbox 732 1143 913 1177; x_wconf 86' lang='lat' dir='ltr'>ascribere</span> <span class='ocrx_word' id='word_1_187' title='bbox 930 1154 1002 1176; x_wconf 88' lang='lat' dir='ltr'>non</span> <span class='ocrx_word' id='word_1_188' title='bbox 1029 1142 1211 1176; x_wconf 85' lang='lat' dir='ltr'>dubitavit</span> <span class='ocrx_word' id='word_1_189' title='bbox 1229 1142 1315 1185; x_wconf 80' lang='lat'>(973</span> <span class='ocrx_word' id='word_1_190' title='bbox 1335 1142 1434 1185; x_wconf 81' lang='lat'>975),</span> <span class='ocrx_word' id='word_1_191' title='bbox 1463 1141 1652 1176; x_wconf 87' lang='lat' dir='ltr'>affirmans</span> <span class='ocrx_word' id='word_1_192' title='bbox 1673 1141 1729 1185; x_wconf 92' lang='lat' dir='ltr'>(ut</span> <span class='ocrx_word' id='word_1_193' title='bbox 1748 1141 1891 1176; x_wconf 88' lang='lat' dir='ltr'>Canisio</span> <span class='ocrx_word' id='word_1_194' title='bbox 1910 1141 2058 1176; x_wconf 87' lang='lat' dir='ltr'>Laiuius</span> 
     </span>
     <span class='ocr_line' id='line_1_20' title="bbox 266 1195 2057 1242; baseline -0.002 -10"><span class='ocrx_word' id='word_1_195' title='bbox 266 1197 441 1232; x_wconf 84' lang='lat' dir='ltr'>Tridento</span> <span class='ocrx_word' id='word_1_196' title='bbox 465 1197 628 1242; x_wconf 86' lang='lat' dir='ltr'>scripsit)</span> <span class='ocrx_word' id='word_1_197' title='bbox 658 1208 697 1231; x_wconf 89' lang='lat' dir='ltr'>se</span> <span class='ocrx_word' id='word_1_198' title='bbox 723 1209 787 1242; x_wconf 89' lang='lat' dir='ltr'>pro</span> <span class='ocrx_word' id='word_1_199' title='bbox 807 1196 988 1231; x_wconf 84' lang='lat' dir='ltr'>Societate</span> <span class='ocrx_word' id='word_1_200' title='bbox 1007 1196 1089 1230; x_wconf 86' lang='lat' dir='ltr'>Iesu</span> <span class='ocrx_word' id='word_1_201' title='bbox 1108 1197 1217 1230; x_wconf 83' lang='lat' dir='ltr'>etiam</span> <span class='ocrx_word' id='word_1_202' title='bbox 1237 1196 1451 1240; x_wconf 81' lang='lat' dir='ltr'>sanguinem</span> <span class='ocrx_word' id='word_1_203' title='bbox 1479 1195 1630 1230; x_wconf 88' lang='lat' dir='ltr'>fundere</span> <span class='ocrx_word' id='word_1_204' title='bbox 1649 1208 1730 1231; x_wconf 90' lang='lat' dir='ltr'>esse</span> <span class='ocrx_word' id='word_1_205' title='bbox 1753 1199 1922 1242; x_wconf 85' lang='lat' dir='ltr'>paratum</span> <span class='ocrx_word' id='word_1_206' title='bbox 1943 1195 2057 1240; x_wconf 89' lang='lat'>(978).</span> 
     </span>
     <span class='ocr_line' id='line_1_21' title="bbox 268 1249 2057 1297; baseline -0.002 -11"><span class='ocrx_word' id='word_1_207' title='bbox 268 1252 322 1286; x_wconf 90' lang='lat' dir='ltr'>Ne</span> <span class='ocrx_word' id='word_1_208' title='bbox 350 1252 445 1297; x_wconf 89' lang='lat' dir='ltr'>apud</span> <span class='ocrx_word' id='word_1_209' title='bbox 472 1253 570 1297; x_wconf 89' lang='lat' dir='ltr'>ipsos</span> <span class='ocrx_word' id='word_1_210' title='bbox 598 1251 741 1296; x_wconf 86' lang='lat' dir='ltr'>quidem</span> <span class='ocrx_word' id='word_1_211' title='bbox 771 1251 931 1294; x_wconf 79' lang='lat' dir='ltr'>collegas</span> <span class='ocrx_word' id='word_1_212' title='bbox 958 1251 1220 1296; x_wconf 85' lang='lat' dir='ltr'>oenipontanos</span> <span class='ocrx_word' id='word_1_213' title='bbox 1246 1252 1328 1296; x_wconf 89' lang='lat' dir='ltr'>pius</span> <span class='ocrx_word' id='word_1_214' title='bbox 1355 1250 1411 1284; x_wconf 84' lang='lat' dir='ltr'>vir</span> <span class='ocrx_word' id='word_1_215' title='bbox 1438 1251 1582 1284; x_wconf 87' lang='lat' dir='ltr'>omnino</span> <span class='ocrx_word' id='word_1_216' title='bbox 1608 1251 1746 1285; x_wconf 86' lang='lat' dir='ltr'>frustra</span> <span class='ocrx_word' id='word_1_217' title='bbox 1771 1250 1970 1290; x_wconf 87' lang='lat' dir='ltr'>laboravit;</span> <span class='ocrx_word' id='word_1_218' title='bbox 1998 1249 2057 1294; x_wconf 90' lang='lat' dir='ltr'>qui</span> 
     </span>
     <span class='ocr_line' id='line_1_22' title="bbox 267 1303 2057 1350; baseline -0.001 -10"><span class='ocrx_word' id='word_1_219' title='bbox 267 1318 349 1341; x_wconf 90' lang='lat' dir='ltr'>cum</span> <span class='ocrx_word' id='word_1_220' title='bbox 377 1307 412 1340; x_wconf 90' lang='lat' dir='ltr'>in</span> <span class='ocrx_word' id='word_1_221' title='bbox 439 1306 693 1340; x_wconf 87' lang='lat' dir='ltr'>auctoritatem</span> <span class='ocrx_word' id='word_1_222' title='bbox 722 1305 943 1350; x_wconf 87' lang='lat' dir='ltr'>pontificiam</span> <span class='ocrx_word' id='word_1_223' title='bbox 975 1304 1260 1339; x_wconf 86' lang='lat' dir='ltr'>imminuendam</span> <span class='ocrx_word' id='word_1_224' title='bbox 1287 1304 1526 1339; x_wconf 87' lang='lat' dir='ltr'>inclinassent</span> <span class='ocrx_word' id='word_1_225' title='bbox 1555 1304 1678 1348; x_wconf 74' lang='lat'>(164).</span> <span class='ocrx_word' id='word_1_226' title='bbox 1715 1304 1877 1338; x_wconf 89' lang='lat' dir='ltr'>unanimi</span> <span class='ocrx_word' id='word_1_227' title='bbox 1911 1303 2057 1338; x_wconf 87' lang='lat' dir='ltr'>tandem</span> 
     </span>
     <span class='ocr_line' id='line_1_23' title="bbox 267 1358 2059 1404; baseline -0.002 -9"><span class='ocrx_word' id='word_1_228' title='bbox 267 1361 444 1404; x_wconf 85' lang='lat' dir='ltr'>suffragio</span> <span class='ocrx_word' id='word_1_229' title='bbox 459 1371 643 1395; x_wconf 80' lang='lat' dir='ltr'>caesarem</span> <span class='ocrx_word' id='word_1_230' title='bbox 659 1360 870 1400; x_wconf 85' lang='lat' dir='ltr'>docuerunt,</span> <span class='ocrx_word' id='word_1_231' title='bbox 890 1359 1097 1404; x_wconf 88' lang='lat' dir='ltr'>pontificem</span> <span class='ocrx_word' id='word_1_232' title='bbox 1118 1370 1248 1404; x_wconf 78' lang='lat' dir='ltr'>„supra</span> <span class='ocrx_word' id='word_1_233' title='bbox 1264 1359 1454 1393; x_wconf 90' lang='lat' dir='ltr'>concilium</span> <span class='ocrx_word' id='word_1_234' title='bbox 1470 1359 1570 1393; x_wconf 83' lang='lat' dir='ltr'>esse“</span> <span class='ocrx_word' id='word_1_235' title='bbox 1592 1358 1677 1402; x_wconf 81' lang='lat'>(183</span> <span class='ocrx_word' id='word_1_236' title='bbox 1693 1358 1791 1402; x_wconf 86' lang='lat'>203).</span> <span class='ocrx_word' id='word_1_237' title='bbox 1824 1358 2059 1404; x_wconf 87' lang='lat' dir='ltr'>Imperatoris</span> 
     </span>
     <span class='ocr_line' id='line_1_24' title="bbox 268 1413 2060 1459; baseline -0.002 -10"><span class='ocrx_word' id='word_1_238' title='bbox 268 1426 413 1459; x_wconf 90' lang='lat' dir='ltr'>quoque</span> <span class='ocrx_word' id='word_1_239' title='bbox 440 1426 588 1448; x_wconf 89' lang='lat' dir='ltr'>causam</span> <span class='ocrx_word' id='word_1_240' title='bbox 622 1414 790 1448; x_wconf 84' lang='lat' dir='ltr'>Canisius</span> <span class='ocrx_word' id='word_1_241' title='bbox 816 1425 881 1448; x_wconf 88' lang='lat' dir='ltr'>suo</span> <span class='ocrx_word' id='word_1_242' title='bbox 919 1415 1080 1458; x_wconf 90' lang='lat' dir='ltr'>tempore</span> <span class='ocrx_word' id='word_1_243' title='bbox 1108 1413 1263 1457; x_wconf 82' lang='lat' dir='ltr'>agebat:</span> <span class='ocrx_word' id='word_1_244' title='bbox 1292 1416 1333 1447; x_wconf 89' lang='lat' dir='ltr'>ut</span> <span class='ocrx_word' id='word_1_245' title='bbox 1359 1425 1440 1447; x_wconf 89' lang='lat' dir='ltr'>cum</span> <span class='ocrx_word' id='word_1_246' title='bbox 1460 1413 1625 1447; x_wconf 88' lang='lat' dir='ltr'>Lainium</span> <span class='ocrx_word' id='word_1_247' title='bbox 1652 1413 1810 1457; x_wconf 82' lang='lat' dir='ltr'>rogavit,</span> <span class='ocrx_word' id='word_1_248' title='bbox 1838 1415 1992 1453; x_wconf 83' lang='lat' dir='ltr'>curaret,</span> <span class='ocrx_word' id='word_1_249' title='bbox 2019 1415 2060 1446; x_wconf 89' lang='lat' dir='ltr'>ut</span> 
     </span>
     <span class='ocr_line' id='line_1_25' title="bbox 270 1466 2060 1512; baseline -0.001 -10"><span class='ocrx_word' id='word_1_250' title='bbox 270 1469 441 1503; x_wconf 87' lang='lat' dir='ltr'>Moronus</span> <span class='ocrx_word' id='word_1_251' title='bbox 473 1468 516 1502; x_wconf 93' lang='lat' dir='ltr'>de</span> <span class='ocrx_word' id='word_1_252' title='bbox 543 1468 652 1502; x_wconf 86' lang='lat' dir='ltr'>rebus</span> <span class='ocrx_word' id='word_1_253' title='bbox 678 1469 713 1502; x_wconf 90' lang='lat' dir='ltr'>in</span> <span class='ocrx_word' id='word_1_254' title='bbox 742 1468 894 1502; x_wconf 91' lang='lat' dir='ltr'>concilio</span> <span class='ocrx_word' id='word_1_255' title='bbox 922 1468 1037 1512; x_wconf 85' lang='lat' dir='ltr'>gestis</span> <span class='ocrx_word' id='word_1_256' title='bbox 1064 1479 1174 1512; x_wconf 90' lang='lat' dir='ltr'>saepe</span> <span class='ocrx_word' id='word_1_257' title='bbox 1201 1478 1386 1501; x_wconf 86' lang='lat' dir='ltr'>caesarem</span> <span class='ocrx_word' id='word_1_258' title='bbox 1413 1479 1477 1512; x_wconf 92' lang='lat' dir='ltr'>per</span> <span class='ocrx_word' id='word_1_259' title='bbox 1503 1466 1647 1501; x_wconf 86' lang='lat' dir='ltr'>litteras</span> <span class='ocrx_word' id='word_1_260' title='bbox 1673 1467 1865 1501; x_wconf 83' lang='lat' dir='ltr'>certiorem</span> <span class='ocrx_word' id='word_1_261' title='bbox 1891 1466 2060 1501; x_wconf 88' lang='lat' dir='ltr'>redderet</span> 
     </span>
     <span class='ocr_line' id='line_1_26' title="bbox 271 1520 2060 1567; baseline -0.002 -10"><span class='ocrx_word' id='word_1_262' title='bbox 271 1523 358 1565; x_wconf 89' lang='lat'>(229</span> <span class='ocrx_word' id='word_1_263' title='bbox 377 1523 483 1566; x_wconf 86' lang='lat'>277):</span> <span class='ocrx_word' id='word_1_264' title='bbox 513 1525 549 1557; x_wconf 89' lang='lat' dir='ltr'>et</span> <span class='ocrx_word' id='word_1_265' title='bbox 568 1534 648 1557; x_wconf 88' lang='lat' dir='ltr'>cum</span> <span class='ocrx_word' id='word_1_266' title='bbox 669 1534 732 1567; x_wconf 90' lang='lat' dir='ltr'>per</span> <span class='ocrx_word' id='word_1_267' title='bbox 750 1522 903 1556; x_wconf 88' lang='lat' dir='ltr'>eundem</span> <span class='ocrx_word' id='word_1_268' title='bbox 923 1522 1112 1556; x_wconf 85' lang='lat' dir='ltr'>Moronum</span> <span class='ocrx_word' id='word_1_269' title='bbox 1131 1521 1301 1555; x_wconf 90' lang='lat' dir='ltr'>Tridento</span> <span class='ocrx_word' id='word_1_270' title='bbox 1321 1521 1470 1555; x_wconf 88' lang='lat' dir='ltr'>Romam</span> <span class='ocrx_word' id='word_1_271' title='bbox 1490 1521 1625 1555; x_wconf 87' lang='lat' dir='ltr'>missae</span> <span class='ocrx_word' id='word_1_272' title='bbox 1643 1522 1729 1555; x_wconf 84' lang='lat' dir='ltr'>sunt</span> <span class='ocrx_word' id='word_1_273' title='bbox 1746 1521 1901 1560; x_wconf 84' lang='lat' dir='ltr'>litterae,</span> <span class='ocrx_word' id='word_1_274' title='bbox 1928 1520 2060 1565; x_wconf 87' lang='lat' dir='ltr'>quibus</span> 
     </span>
     <span class='ocr_line' id='line_1_27' title="bbox 269 1575 2060 1618; baseline -0.002 -7"><span class='ocrx_word' id='word_1_275' title='bbox 269 1577 438 1612; x_wconf 87' lang='lat' dir='ltr'>Canisius</span> <span class='ocrx_word' id='word_1_276' title='bbox 464 1577 635 1618; x_wconf 86' lang='lat' dir='ltr'>instabat,</span> <span class='ocrx_word' id='word_1_277' title='bbox 663 1580 702 1610; x_wconf 93' lang='lat' dir='ltr'>ut</span> <span class='ocrx_word' id='word_1_278' title='bbox 730 1576 830 1610; x_wconf 88' lang='lat' dir='ltr'>curia</span> <span class='ocrx_word' id='word_1_279' title='bbox 857 1588 1006 1610; x_wconf 86' lang='lat' dir='ltr'>romana</span> <span class='ocrx_word' id='word_1_280' title='bbox 1033 1576 1179 1610; x_wconf 87' lang='lat' dir='ltr'>tandem</span> <span class='ocrx_word' id='word_1_281' title='bbox 1208 1575 1250 1609; x_wconf 87' lang='lat' dir='ltr'>de</span> <span class='ocrx_word' id='word_1_282' title='bbox 1269 1575 1487 1609; x_wconf 85' lang='lat' dir='ltr'>Ferdinandi</span> <span class='ocrx_word' id='word_1_283' title='bbox 1513 1575 1584 1609; x_wconf 90' lang='lat' dir='ltr'>fide</span> <span class='ocrx_word' id='word_1_284' title='bbox 1611 1575 1777 1609; x_wconf 84' lang='lat' dir='ltr'>dubitare</span> <span class='ocrx_word' id='word_1_285' title='bbox 1805 1575 1996 1616; x_wconf 85' lang='lat' dir='ltr'>desineret,</span> <span class='ocrx_word' id='word_1_286' title='bbox 2024 1576 2060 1608; x_wconf 88' lang='lat' dir='ltr'>et</span> 
     </span>
     <span class='ocr_line' id='line_1_28' title="bbox 270 1628 2058 1670; baseline -0.002 -5"><span class='ocrx_word' id='word_1_287' title='bbox 270 1635 309 1665; x_wconf 88' lang='lat' dir='ltr'>ut</span> <span class='ocrx_word' id='word_1_288' title='bbox 334 1630 470 1665; x_wconf 87' lang='lat' dir='ltr'>Romae</span> <span class='ocrx_word' id='word_1_289' title='bbox 504 1630 623 1665; x_wconf 86' lang='lat' dir='ltr'>bullae</span> <span class='ocrx_word' id='word_1_290' title='bbox 651 1630 950 1665; x_wconf 84' lang='lat' dir='ltr'>reformationum</span> <span class='ocrx_word' id='word_1_291' title='bbox 977 1642 1046 1664; x_wconf 92' lang='lat' dir='ltr'>non</span> <span class='ocrx_word' id='word_1_292' title='bbox 1075 1629 1192 1663; x_wconf 90' lang='lat' dir='ltr'>solum</span> <span class='ocrx_word' id='word_1_293' title='bbox 1220 1629 1554 1670; x_wconf 75' lang='lat' dir='ltr'>conscriberentur,</span> <span class='ocrx_word' id='word_1_294' title='bbox 1591 1629 1654 1663; x_wconf 89' lang='lat' dir='ltr'>sed</span> <span class='ocrx_word' id='word_1_295' title='bbox 1681 1629 1790 1663; x_wconf 86' lang='lat' dir='ltr'>etiam</span> <span class='ocrx_word' id='word_1_296' title='bbox 1818 1628 1862 1662; x_wconf 89' lang='lat' dir='ltr'>ad</span> <span class='ocrx_word' id='word_1_297' title='bbox 1890 1629 2058 1662; x_wconf 87' lang='lat' dir='ltr'>effectum</span> 
     </span>
     <span class='ocr_line' id='line_1_29' title="bbox 268 1682 2059 1728; baseline -0.002 -9"><span class='ocrx_word' id='word_1_298' title='bbox 268 1685 536 1719; x_wconf 89' lang='lat' dir='ltr'>adducerentur</span> <span class='ocrx_word' id='word_1_299' title='bbox 565 1683 650 1727; x_wconf 83' lang='lat'>(203</span> <span class='ocrx_word' id='word_1_300' title='bbox 677 1685 746 1719; x_wconf 84' lang='grc'>216</span> <span class='ocrx_word' id='word_1_301' title='bbox 774 1684 874 1726; x_wconf 80' lang='grc'>235).</span> <span class='ocrx_word' id='word_1_302' title='bbox 920 1684 975 1718; x_wconf 84' lang='lat' dir='ltr'>Ex</span> <span class='ocrx_word' id='word_1_303' title='bbox 1002 1683 1084 1718; x_wconf 88' lang='lat' dir='ltr'>aliis</span> <span class='ocrx_word' id='word_1_304' title='bbox 1111 1695 1254 1727; x_wconf 89' lang='lat' dir='ltr'>quoque</span> <span class='ocrx_word' id='word_1_305' title='bbox 1282 1682 1448 1728; x_wconf 88' lang='lat' dir='ltr'>epistulis</span> <span class='ocrx_word' id='word_1_306' title='bbox 1475 1683 1671 1717; x_wconf 86' lang='lat' dir='ltr'>canisianis</span> <span class='ocrx_word' id='word_1_307' title='bbox 1697 1683 1910 1717; x_wconf 86' lang='lat' dir='ltr'>Tridentum</span> <span class='ocrx_word' id='word_1_308' title='bbox 1937 1682 2059 1717; x_wconf 89' lang='lat' dir='ltr'>missis</span> 
     </span>
     <span class='ocr_line' id='line_1_30' title="bbox 268 1736 2056 1784; baseline -0.001 -12"><span class='ocrx_word' id='word_1_309' title='bbox 268 1750 526 1783; x_wconf 86' lang='lat' dir='ltr'>nonnunquam</span> <span class='ocrx_word' id='word_1_310' title='bbox 557 1738 757 1784; x_wconf 75' lang='lat' dir='ltr'>„capitula“</span> <span class='ocrx_word' id='word_1_311' title='bbox 797 1738 920 1782; x_wconf 87' lang='lat' dir='ltr'>aliqua</span> <span class='ocrx_word' id='word_1_312' title='bbox 958 1738 1260 1772; x_wconf 84' lang='lat' dir='ltr'>exscribebantur</span> <span class='ocrx_word' id='word_1_313' title='bbox 1296 1739 1332 1771; x_wconf 87' lang='lat' dir='ltr'>et</span> <span class='ocrx_word' id='word_1_314' title='bbox 1367 1737 1517 1771; x_wconf 88' lang='lat' dir='ltr'>Romam</span> <span class='ocrx_word' id='word_1_315' title='bbox 1554 1737 1832 1782; x_wconf 87' lang='lat' dir='ltr'>perferebantur</span> <span class='ocrx_word' id='word_1_316' title='bbox 1869 1737 1955 1780; x_wconf 86' lang='lat'>(184</span> <span class='ocrx_word' id='word_1_317' title='bbox 1987 1736 2056 1772; x_wconf 87' lang='lat'>187</span> 
     </span>
     <span class='ocr_line' id='line_1_31' title="bbox 272 1790 2058 1838; baseline -0.002 -10"><span class='ocrx_word' id='word_1_318' title='bbox 272 1794 339 1828; x_wconf 82' lang='lat'>194</span> <span class='ocrx_word' id='word_1_319' title='bbox 366 1794 465 1837; x_wconf 80' lang='grc'>216),</span> <span class='ocrx_word' id='word_1_320' title='bbox 493 1793 553 1827; x_wconf 89' lang='lat' dir='ltr'>ubi</span> <span class='ocrx_word' id='word_1_321' title='bbox 580 1805 644 1838; x_wconf 91' lang='lat' dir='ltr'>per</span> <span class='ocrx_word' id='word_1_322' title='bbox 672 1793 810 1827; x_wconf 88' lang='lat' dir='ltr'>curiam</span> <span class='ocrx_word' id='word_1_323' title='bbox 830 1792 1046 1827; x_wconf 86' lang='lat' dir='ltr'>circumlata</span> <span class='ocrx_word' id='word_1_324' title='bbox 1066 1791 1268 1826; x_wconf 82' lang='lat' dir='ltr'>cardinales</span> <span class='ocrx_word' id='word_1_325' title='bbox 1287 1793 1396 1835; x_wconf 86' lang='lat' dir='ltr'>atquc</span> <span class='ocrx_word' id='word_1_326' title='bbox 1422 1792 1540 1836; x_wconf 87' lang='lat' dir='ltr'>ipsum</span> <span class='ocrx_word' id='word_1_327' title='bbox 1561 1791 1670 1825; x_wconf 88' lang='lat' dir='ltr'>etiam</span> <span class='ocrx_word' id='word_1_328' title='bbox 1698 1791 1904 1836; x_wconf 86' lang='lat' dir='ltr'>pontificem</span> <span class='ocrx_word' id='word_1_329' title='bbox 1924 1790 2058 1825; x_wconf 88' lang='lat' dir='ltr'>solacio</span> 
     </span>
     <span class='ocr_line' id='line_1_32' title="bbox 268 1844 2058 1891; baseline -0.002 -10"><span class='ocrx_word' id='word_1_330' title='bbox 268 1850 306 1882; x_wconf 87' lang='lat' dir='ltr'>et</span> <span class='ocrx_word' id='word_1_331' title='bbox 332 1847 462 1891; x_wconf 82' lang='lat' dir='ltr'>gaudio</span> <span class='ocrx_word' id='word_1_332' title='bbox 489 1847 699 1881; x_wconf 87' lang='lat' dir='ltr'>afficiebant</span> <span class='ocrx_word' id='word_1_333' title='bbox 729 1847 813 1889; x_wconf 79' lang='lat'>(235</span> <span class='ocrx_word' id='word_1_334' title='bbox 841 1847 911 1881; x_wconf 83' lang='lat'>244</span> <span class='ocrx_word' id='word_1_335' title='bbox 938 1846 1036 1890; x_wconf 92' lang='lat'>282).</span> <span class='ocrx_word' id='word_1_336' title='bbox 1090 1846 1144 1880; x_wconf 83' lang='lat' dir='ltr'>Ex</span> <span class='ocrx_word' id='word_1_337' title='bbox 1172 1858 1241 1890; x_wconf 91' lang='lat' dir='ltr'>quo</span> <span class='ocrx_word' id='word_1_338' title='bbox 1269 1857 1402 1889; x_wconf 82' lang='lat' dir='ltr'>genere</span> <span class='ocrx_word' id='word_1_339' title='bbox 1429 1845 1589 1891; x_wconf 85' lang='lat' dir='ltr'>capitula</span> <span class='ocrx_word' id='word_1_340' title='bbox 1616 1845 1679 1879; x_wconf 89' lang='lat' dir='ltr'>illa</span> <span class='ocrx_word' id='word_1_341' title='bbox 1705 1847 1792 1879; x_wconf 88' lang='lat' dir='ltr'>sunt</span> <span class='ocrx_word' id='word_1_342' title='bbox 1814 1864 1860 1868; x_wconf 92' lang='lat'>—-</span> <span class='ocrx_word' id='word_1_343' title='bbox 1879 1844 2058 1890; x_wconf 87' lang='lat' dir='ltr'>epistulae</span> 
     </span>
     <span class='ocr_line' id='line_1_33' title="bbox 269 1899 2057 1947; baseline -0.002 -11"><span class='ocrx_word' id='word_1_344' title='bbox 269 1902 369 1947; x_wconf 85' lang='lat' dir='ltr'>ipsae</span> <span class='ocrx_word' id='word_1_345' title='bbox 396 1902 582 1947; x_wconf 89' lang='lat' dir='ltr'>perierunt</span> <span class='ocrx_word' id='word_1_346' title='bbox 606 1921 650 1925; x_wconf 87' lang='lat'>—</span> <span class='ocrx_word' id='word_1_347' title='bbox 679 1913 772 1946; x_wconf 87' lang='lat' dir='ltr'>quae</span> <span class='ocrx_word' id='word_1_348' title='bbox 799 1901 883 1935; x_wconf 88' lang='lat' dir='ltr'>olim</span> <span class='ocrx_word' id='word_1_349' title='bbox 911 1901 946 1935; x_wconf 91' lang='lat' dir='ltr'>in</span> <span class='ocrx_word' id='word_1_350' title='bbox 973 1900 1117 1935; x_wconf 88' lang='lat' dir='ltr'>codices</span> <span class='ocrx_word' id='word_1_351' title='bbox 1144 1900 1319 1944; x_wconf 85' lang='lat' dir='ltr'>quosdam</span> <span class='ocrx_word' id='word_1_352' title='bbox 1346 1899 1646 1935; x_wconf 85' lang='lat' dir='ltr'>bibliothecarum</span> <span class='ocrx_word' id='word_1_353' title='bbox 1675 1899 1897 1945; x_wconf 86' lang='lat' dir='ltr'>parisiensis,</span> <span class='ocrx_word' id='word_1_354' title='bbox 1924 1899 2057 1943; x_wconf 88' lang='lat' dir='ltr'>gottin-</span> 
     </span>
     <span class='ocr_line' id='line_1_34' title="bbox 269 1953 2058 2000; baseline -0.002 -10"><span class='ocrx_word' id='word_1_355' title='bbox 269 1967 395 1999; x_wconf 82' lang='lat' dir='ltr'>ganae,</span> <span class='ocrx_word' id='word_1_356' title='bbox 425 1956 664 2000; x_wconf 86' lang='lat' dir='ltr'>friburgensis</span> <span class='ocrx_word' id='word_1_357' title='bbox 682 1955 808 1997; x_wconf 86' lang='lat' dir='ltr'>relata,</span> <span class='ocrx_word' id='word_1_358' title='bbox 836 1967 931 1990; x_wconf 90' lang='lat' dir='ltr'>nunc</span> <span class='ocrx_word' id='word_1_359' title='bbox 957 1955 1112 2000; x_wconf 88' lang='lat' dir='ltr'>primum</span> <span class='ocrx_word' id='word_1_360' title='bbox 1143 1954 1253 1999; x_wconf 92' lang='lat' dir='ltr'>(quod</span> <span class='ocrx_word' id='word_1_361' title='bbox 1281 1954 1446 1999; x_wconf 86' lang='lat' dir='ltr'>equidem</span> <span class='ocrx_word' id='word_1_362' title='bbox 1467 1955 1596 1996; x_wconf 87' lang='lat' dir='ltr'>sciam)</span> <span class='ocrx_word' id='word_1_363' title='bbox 1622 1954 1836 1997; x_wconf 84' lang='lat' dir='ltr'>vulgantur:</span> <span class='ocrx_word' id='word_1_364' title='bbox 1864 1954 1899 1987; x_wconf 93' lang='lat' dir='ltr'>in</span> <span class='ocrx_word' id='word_1_365' title='bbox 1927 1953 2058 1998; x_wconf 87' lang='lat' dir='ltr'>quibus</span> 
     </span>
     <span class='ocr_line' id='line_1_35' title="bbox 270 2007 2057 2055; baseline -0.002 -11"><span class='ocrx_word' id='word_1_366' title='bbox 270 2010 370 2047; x_wconf 77' lang='lat' dir='ltr'>llaec,</span> <span class='ocrx_word' id='word_1_367' title='bbox 398 2013 543 2055; x_wconf 85' lang='lat' dir='ltr'>praeter</span> <span class='ocrx_word' id='word_1_368' title='bbox 570 2010 660 2051; x_wconf 87' lang='lat' dir='ltr'>alia,</span> <span class='ocrx_word' id='word_1_369' title='bbox 688 2010 923 2044; x_wconf 83' lang='lat' dir='ltr'>nuntiantur:</span> <span class='ocrx_word' id='word_1_370' title='bbox 953 2009 1167 2049; x_wconf 89' lang='lat' dir='ltr'>Caesarem,</span> <span class='ocrx_word' id='word_1_371' title='bbox 1200 2008 1450 2052; x_wconf 80' lang='lat' dir='ltr'>theologorum</span> <span class='ocrx_word' id='word_1_372' title='bbox 1478 2008 1638 2043; x_wconf 89' lang='lat' dir='ltr'>consiliis</span> <span class='ocrx_word' id='word_1_373' title='bbox 1665 2007 1864 2051; x_wconf 82' lang='lat' dir='ltr'>neglectis,</span> <span class='ocrx_word' id='word_1_374' title='bbox 1891 2019 1949 2042; x_wconf 89' lang='lat' dir='ltr'>res</span> <span class='ocrx_word' id='word_1_375' title='bbox 1976 2019 2057 2042; x_wconf 88' lang='lat' dir='ltr'>con-</span> 
     </span>
     <span class='ocr_line' id='line_1_36' title="bbox 269 2061 2057 2106; baseline -0.002 -8"><span class='ocrx_word' id='word_1_376' title='bbox 269 2064 343 2098; x_wconf 86' lang='lat' dir='ltr'>cilii</span> <span class='ocrx_word' id='word_1_377' title='bbox 367 2064 569 2106; x_wconf 79' lang='lat' dir='ltr'>„suaviter“</span> <span class='ocrx_word' id='word_1_378' title='bbox 592 2076 634 2098; x_wconf 87' lang='lat' dir='ltr'>ac</span> <span class='ocrx_word' id='word_1_379' title='bbox 660 2064 736 2098; x_wconf 86' lang='lat' dir='ltr'>fere</span> <span class='ocrx_word' id='word_1_380' title='bbox 764 2076 810 2098; x_wconf 84' lang='lat' dir='ltr'>ex</span> <span class='ocrx_word' id='word_1_381' title='bbox 829 2063 969 2098; x_wconf 86' lang='lat' dir='ltr'>Moroni</span> <span class='ocrx_word' id='word_1_382' title='bbox 996 2063 1178 2097; x_wconf 86' lang='lat' dir='ltr'>sententia</span> <span class='ocrx_word' id='word_1_383' title='bbox 1205 2064 1242 2097; x_wconf 92' lang='lat' dir='ltr'>et</span> <span class='ocrx_word' id='word_1_384' title='bbox 1268 2063 1457 2097; x_wconf 88' lang='lat' dir='ltr'>voluntate</span> <span class='ocrx_word' id='word_1_385' title='bbox 1484 2065 1660 2103; x_wconf 86' lang='lat' dir='ltr'>tractare;</span> <span class='ocrx_word' id='word_1_386' title='bbox 1689 2074 1769 2096; x_wconf 88' lang='lat' dir='ltr'>eum</span> <span class='ocrx_word' id='word_1_387' title='bbox 1790 2061 1934 2096; x_wconf 86' lang='lat' dir='ltr'>Canisio</span> <span class='ocrx_word' id='word_1_388' title='bbox 1956 2061 2057 2104; x_wconf 79' lang='lat' dir='ltr'>„sub-</span> 
     </span>
     <span class='ocr_line' id='line_1_37' title="bbox 271 2116 2058 2162; baseline -0.001 -10"><span class='ocrx_word' id='word_1_389' title='bbox 271 2117 484 2159; x_wconf 81' lang='lat' dir='ltr'>indicasse“,</span> <span class='ocrx_word' id='word_1_390' title='bbox 520 2130 559 2152; x_wconf 89' lang='lat' dir='ltr'>se</span> <span class='ocrx_word' id='word_1_391' title='bbox 594 2118 665 2152; x_wconf 88' lang='lat' dir='ltr'>iam</span> <span class='ocrx_word' id='word_1_392' title='bbox 702 2118 736 2152; x_wconf 91' lang='lat' dir='ltr'>in</span> <span class='ocrx_word' id='word_1_393' title='bbox 764 2117 955 2152; x_wconf 86' lang='lat' dir='ltr'>sententiis</span> <span class='ocrx_word' id='word_1_394' title='bbox 983 2117 1220 2151; x_wconf 87' lang='lat' dir='ltr'>cardinalium</span> <span class='ocrx_word' id='word_1_395' title='bbox 1249 2116 1391 2151; x_wconf 90' lang='lat' dir='ltr'>concilii</span> <span class='ocrx_word' id='word_1_396' title='bbox 1426 2116 1633 2162; x_wconf 86' lang='lat' dir='ltr'>praesidum</span> <span class='ocrx_word' id='word_1_397' title='bbox 1662 2118 1699 2150; x_wconf 89' lang='lat' dir='ltr'>et</span> <span class='ocrx_word' id='word_1_398' title='bbox 1724 2117 1760 2150; x_wconf 90' lang='lat' dir='ltr'>in</span> <span class='ocrx_word' id='word_1_399' title='bbox 1787 2127 1885 2150; x_wconf 90' lang='lat' dir='ltr'>more</span> <span class='ocrx_word' id='word_1_400' title='bbox 1912 2117 2058 2161; x_wconf 87' lang='lat' dir='ltr'>recepto</span> 
     </span>
     <span class='ocr_line' id='line_1_38' title="bbox 269 2169 2057 2216; baseline -0.001 -10"><span class='ocrx_word' id='word_1_401' title='bbox 269 2172 503 2216; x_wconf 82' lang='lat' dir='ltr'>acquiescere</span> <span class='ocrx_word' id='word_1_402' title='bbox 530 2174 598 2206; x_wconf 89' lang='lat' dir='ltr'>etc.</span> <span class='ocrx_word' id='word_1_403' title='bbox 630 2172 714 2212; x_wconf 74' lang='lat' dir='ltr'>(24ss</span> <span class='ocrx_word' id='word_1_404' title='bbox 750 2172 849 2210; x_wconf 73' lang='lat'>254).</span> <span class='ocrx_word' id='word_1_405' title='bbox 902 2171 1037 2206; x_wconf 83' lang='lat' dir='ltr'>Romae</span> <span class='ocrx_word' id='word_1_406' title='bbox 1066 2172 1153 2205; x_wconf 85' lang='lat' dir='ltr'>Pius</span> <span class='ocrx_word' id='word_1_407' title='bbox 1180 2171 1241 2206; x_wconf 88' lang='lat' dir='ltr'>IV.</span> <span class='ocrx_word' id='word_1_408' title='bbox 1269 2170 1443 2205; x_wconf 80' lang='lat' dir='ltr'>Sanctum</span> <span class='ocrx_word' id='word_1_409' title='bbox 1470 2170 1704 2205; x_wconf 86' lang='lat' dir='ltr'>Franciscum</span> <span class='ocrx_word' id='word_1_410' title='bbox 1732 2171 1900 2213; x_wconf 83' lang='lat' dir='ltr'>Borgiam</span> <span class='ocrx_word' id='word_1_411' title='bbox 1937 2169 1981 2204; x_wconf 89' lang='lat' dir='ltr'>ad</span> <span class='ocrx_word' id='word_1_412' title='bbox 2017 2181 2057 2204; x_wconf 89' lang='lat' dir='ltr'>se</span> 
     </span>
     <span class='ocr_line' id='line_1_39' title="bbox 269 2224 2055 2271; baseline -0.002 -11"><span class='ocrx_word' id='word_1_413' title='bbox 269 2227 501 2261; x_wconf 88' lang='lat' dir='ltr'>accedentem</span> <span class='ocrx_word' id='word_1_414' title='bbox 530 2226 761 2271; x_wconf 85' lang='lat' dir='ltr'>amplexatus</span> <span class='ocrx_word' id='word_1_415' title='bbox 789 2229 844 2260; x_wconf 87' lang='lat' dir='ltr'>est</span> <span class='ocrx_word' id='word_1_416' title='bbox 871 2228 907 2260; x_wconf 90' lang='lat' dir='ltr'>et</span> <span class='ocrx_word' id='word_1_417' title='bbox 934 2225 1102 2260; x_wconf 87' lang='lat' dir='ltr'>laudibus</span> <span class='ocrx_word' id='word_1_418' title='bbox 1129 2225 1259 2265; x_wconf 87' lang='lat' dir='ltr'>officia,</span> <span class='ocrx_word' id='word_1_419' title='bbox 1287 2237 1381 2269; x_wconf 85' lang='lat' dir='ltr'>quae</span> <span class='ocrx_word' id='word_1_420' title='bbox 1401 2225 1568 2259; x_wconf 87' lang='lat' dir='ltr'>Canisius</span> <span class='ocrx_word' id='word_1_421' title='bbox 1595 2224 1773 2258; x_wconf 84' lang='lat' dir='ltr'>ecclesiae</span> <span class='ocrx_word' id='word_1_422' title='bbox 1801 2224 2055 2269; x_wconf 83' lang='lat' dir='ltr'>praestitisset,</span> 
     </span>
     <span class='ocr_line' id='line_1_40' title="bbox 270 2280 645 2324; baseline -0.003 -10"><span class='ocrx_word' id='word_1_423' title='bbox 270 2280 404 2314; x_wconf 82' lang='lat' dir='ltr'>extulit</span> <span class='ocrx_word' id='word_1_424' title='bbox 433 2280 516 2321; x_wconf 78' lang='lat'>(235</span> <span class='ocrx_word' id='word_1_425' title='bbox 545 2280 645 2324; x_wconf 74' lang='lat'>244).</span> 
     </span>
    </p>

    <p class='ocr_par' dir='ltr' id='par_1_4' title="bbox 270 2331 2056 2809">
     <span class='ocr_line' id='line_1_41' title="bbox 392 2331 2056 2378; baseline -0.002 -10"><span class='ocrx_word' id='word_1_426' title='bbox 392 2334 570 2375; x_wconf 80' lang='lat' dir='ltr'>Canisius,</span> <span class='ocrx_word' id='word_1_427' title='bbox 598 2334 707 2367; x_wconf 83' lang='lat' dir='ltr'>etiam</span> <span class='ocrx_word' id='word_1_428' title='bbox 736 2335 926 2378; x_wconf 84' lang='lat' dir='ltr'>postquam</span> <span class='ocrx_word' id='word_1_429' title='bbox 955 2336 1137 2368; x_wconf 85' lang='lat' dir='ltr'>conventu</span> <span class='ocrx_word' id='word_1_430' title='bbox 1165 2332 1416 2376; x_wconf 73' lang='lat' dir='ltr'>theologorum</span> <span class='ocrx_word' id='word_1_431' title='bbox 1436 2332 1555 2366; x_wconf 87' lang='lat' dir='ltr'>soluto</span> <span class='ocrx_word' id='word_1_432' title='bbox 1575 2333 1778 2375; x_wconf 80' lang='lat' dir='ltr'>Augustam</span> <span class='ocrx_word' id='word_1_433' title='bbox 1799 2331 1914 2368; x_wconf 83' lang='lat' dir='ltr'>rediit.</span> <span class='ocrx_word' id='word_1_434' title='bbox 1942 2331 2056 2376; x_wconf 89' lang='lat' dir='ltr'>ponti-</span> 
     </span>
     <span class='ocr_line' id='line_1_42' title="bbox 272 2385 2056 2431; baseline -0.001 -9"><span class='ocrx_word' id='word_1_435' title='bbox 272 2389 328 2423; x_wconf 76' lang='lat' dir='ltr'>fici</span> <span class='ocrx_word' id='word_1_436' title='bbox 366 2391 402 2423; x_wconf 90' lang='lat' dir='ltr'>et</span> <span class='ocrx_word' id='word_1_437' title='bbox 434 2388 584 2422; x_wconf 90' lang='lat' dir='ltr'>concilio</span> <span class='ocrx_word' id='word_1_438' title='bbox 616 2387 814 2431; x_wconf 81' lang='lat' dir='ltr'>gratificari</span> <span class='ocrx_word' id='word_1_439' title='bbox 842 2388 1024 2422; x_wconf 87' lang='lat' dir='ltr'>studebat.</span> <span class='ocrx_word' id='word_1_440' title='bbox 1078 2387 1227 2421; x_wconf 84' lang='lat' dir='ltr'>Hosium</span> <span class='ocrx_word' id='word_1_441' title='bbox 1256 2387 1496 2427; x_wconf 78' lang='lat' dir='ltr'>cardinalem,</span> <span class='ocrx_word' id='word_1_442' title='bbox 1524 2398 1568 2420; x_wconf 88' lang='lat' dir='ltr'>ne</span> <span class='ocrx_word' id='word_1_443' title='bbox 1595 2385 1873 2419; x_wconf 77' lang='lat' dir='ltr'>difficultatilms</span> <span class='ocrx_word' id='word_1_444' title='bbox 1900 2385 2056 2426; x_wconf 89' lang='lat' dir='ltr'>cederet,</span> 
     </span>
     <span class='ocr_line' id='line_1_43' title="bbox 271 2439 2055 2487; baseline -0.002 -11"><span class='ocrx_word' id='word_1_445' title='bbox 271 2455 334 2487; x_wconf 90' lang='lat' dir='ltr'>per</span> <span class='ocrx_word' id='word_1_446' title='bbox 360 2442 504 2477; x_wconf 85' lang='lat' dir='ltr'>litteras</span> <span class='ocrx_word' id='word_1_447' title='bbox 532 2443 685 2486; x_wconf 81' lang='lat' dir='ltr'>rogabat</span> <span class='ocrx_word' id='word_1_448' title='bbox 714 2442 837 2485; x_wconf 84' lang='lat'>(113):</span> <span class='ocrx_word' id='word_1_449' title='bbox 879 2442 992 2475; x_wconf 85' lang='lat' dir='ltr'>eidem</span> <span class='ocrx_word' id='word_1_450' title='bbox 1022 2441 1133 2476; x_wconf 86' lang='lat' dir='ltr'>libros</span> <span class='ocrx_word' id='word_1_451' title='bbox 1161 2453 1294 2479; x_wconf 76' lang='lat' dir='ltr'>novos,</span> <span class='ocrx_word' id='word_1_452' title='bbox 1330 2452 1463 2484; x_wconf 84' lang='lat' dir='ltr'>eosque</span> <span class='ocrx_word' id='word_1_453' title='bbox 1499 2443 1575 2474; x_wconf 87' lang='lat' dir='ltr'>tum</span> <span class='ocrx_word' id='word_1_454' title='bbox 1611 2439 1809 2474; x_wconf 83' lang='lat' dir='ltr'>catholicos</span> <span class='ocrx_word' id='word_1_455' title='bbox 1836 2442 1912 2474; x_wconf 84' lang='lat' dir='ltr'>tum</span> <span class='ocrx_word' id='word_1_456' title='bbox 1940 2439 2055 2474; x_wconf 84' lang='lat' dir='ltr'>luthe-</span> 
     </span>
     <span class='ocr_line' id='line_1_44' title="bbox 273 2493 2054 2538; baseline -0.001 -7"><span class='ocrx_word' id='word_1_457' title='bbox 273 2508 397 2538; x_wconf 86' lang='lat' dir='ltr'>ranos,</span> <span class='ocrx_word' id='word_1_458' title='bbox 435 2509 479 2530; x_wconf 83' lang='lat' dir='ltr'>ex</span> <span class='ocrx_word' id='word_1_459' title='bbox 507 2496 678 2530; x_wconf 86' lang='lat' dir='ltr'>librorum</span> <span class='ocrx_word' id='word_1_460' title='bbox 706 2498 867 2529; x_wconf 81' lang='lat' dir='ltr'>mercatu</span> <span class='ocrx_word' id='word_1_461' title='bbox 896 2495 1178 2530; x_wconf 80' lang='lat' dir='ltr'>francofurtensi</span> <span class='ocrx_word' id='word_1_462' title='bbox 1205 2494 1408 2528; x_wconf 75' lang='lat' dir='ltr'>afferendos</span> <span class='ocrx_word' id='word_1_463' title='bbox 1441 2494 1591 2528; x_wconf 83' lang='lat' dir='ltr'>curabat</span> <span class='ocrx_word' id='word_1_464' title='bbox 1620 2494 1658 2537; x_wconf 87' lang='lat'>(4</span> <span class='ocrx_word' id='word_1_465' title='bbox 1686 2493 1730 2527; x_wconf 76' lang='lat'>(38</span> <span class='ocrx_word' id='word_1_466' title='bbox 1761 2493 1826 2527; x_wconf 77' lang='lat'>188</span> <span class='ocrx_word' id='word_1_467' title='bbox 1854 2494 1922 2528; x_wconf 86' lang='lat'>336</span> <span class='ocrx_word' id='word_1_468' title='bbox 1949 2493 2054 2537; x_wconf 75' lang='lat'>350):</span> 
     </span>
     <span class='ocr_line' id='line_1_45' title="bbox 270 2547 2055 2596; baseline -0.002 -11"><span class='ocrx_word' id='word_1_469' title='bbox 270 2564 292 2585; x_wconf 85' lang='lat' dir='ltr'>a</span> <span class='ocrx_word' id='word_1_470' title='bbox 319 2551 483 2596; x_wconf 85' lang='lat' dir='ltr'>patribus</span> <span class='ocrx_word' id='word_1_471' title='bbox 511 2551 621 2584; x_wconf 84' lang='lat' dir='ltr'>ludici</span> <span class='ocrx_word' id='word_1_472' title='bbox 649 2549 751 2584; x_wconf 87' lang='lat' dir='ltr'>Pauli</span> <span class='ocrx_word' id='word_1_473' title='bbox 782 2549 840 2584; x_wconf 87' lang='lat' dir='ltr'>lV.</span> <span class='ocrx_word' id='word_1_474' title='bbox 870 2550 1098 2583; x_wconf 83' lang='lat' dir='ltr'>reformando</span> <span class='ocrx_word' id='word_1_475' title='bbox 1125 2548 1275 2583; x_wconf 77' lang='lat' dir='ltr'>delectis</span> <span class='ocrx_word' id='word_1_476' title='bbox 1302 2548 1345 2582; x_wconf 94' lang='lat' dir='ltr'>de</span> <span class='ocrx_word' id='word_1_477' title='bbox 1375 2548 1486 2582; x_wconf 82' lang='lat' dir='ltr'>variis</span> <span class='ocrx_word' id='word_1_478' title='bbox 1513 2547 1634 2587; x_wconf 77' lang='lat' dir='ltr'>libris,</span> <span class='ocrx_word' id='word_1_479' title='bbox 1671 2547 1730 2591; x_wconf 88' lang='lat' dir='ltr'>qui</span> <span class='ocrx_word' id='word_1_480' title='bbox 1769 2547 1941 2582; x_wconf 83' lang='lat' dir='ltr'>haeretici</span> <span class='ocrx_word' id='word_1_481' title='bbox 1975 2559 2055 2582; x_wconf 88' lang='lat' dir='ltr'>esse</span> 
     </span>
     <span class='ocr_line' id='line_1_46' title="bbox 272 2601 2054 2648; baseline -0.002 -9"><span class='ocrx_word' id='word_1_482' title='bbox 272 2606 492 2645; x_wconf 86' lang='lat' dir='ltr'>ferebantur,</span> <span class='ocrx_word' id='word_1_483' title='bbox 520 2605 766 2648; x_wconf 82' lang='lat' dir='ltr'>interrogatus</span> <span class='ocrx_word' id='word_1_484' title='bbox 793 2603 1011 2638; x_wconf 86' lang='lat' dir='ltr'>sententiam</span> <span class='ocrx_word' id='word_1_485' title='bbox 1040 2615 1102 2648; x_wconf 87' lang='lat' dir='ltr'>per</span> <span class='ocrx_word' id='word_1_486' title='bbox 1129 2603 1272 2637; x_wconf 85' lang='lat' dir='ltr'>litteras</span> <span class='ocrx_word' id='word_1_487' title='bbox 1299 2602 1390 2636; x_wconf 83' lang='lat' dir='ltr'>dixit</span> <span class='ocrx_word' id='word_1_488' title='bbox 1421 2603 1506 2644; x_wconf 72' lang='grc'>(318</span> <span class='ocrx_word' id='word_1_489' title='bbox 1526 2603 1595 2636; x_wconf 70' lang='grc'>339</span> <span class='ocrx_word' id='word_1_490' title='bbox 1616 2602 1722 2639; x_wconf 75' lang='grc'>363);</span> <span class='ocrx_word' id='word_1_491' title='bbox 1753 2601 1862 2635; x_wconf 89' lang='lat' dir='ltr'>libros</span> <span class='ocrx_word' id='word_1_492' title='bbox 1889 2613 1909 2635; x_wconf 91' lang='lat' dir='ltr'>a</span> <span class='ocrx_word' id='word_1_493' title='bbox 1936 2601 2054 2636; x_wconf 88' lang='lat' dir='ltr'>Fonti-</span> 
     </span>
     <span class='ocr_line' id='line_1_47' title="bbox 272 2655 2053 2703; baseline -0.001 -12"><span class='ocrx_word' id='word_1_494' title='bbox 272 2659 376 2692; x_wconf 87' lang='lat' dir='ltr'>‹lonio</span> <span class='ocrx_word' id='word_1_495' title='bbox 414 2661 449 2693; x_wconf 90' lang='lat' dir='ltr'>et</span> <span class='ocrx_word' id='word_1_496' title='bbox 480 2658 710 2703; x_wconf 86' lang='lat' dir='ltr'>Villalpando</span> <span class='ocrx_word' id='word_1_497' title='bbox 749 2657 890 2691; x_wconf 89' lang='lat' dir='ltr'>concilii</span> <span class='ocrx_word' id='word_1_498' title='bbox 927 2657 1114 2691; x_wconf 82' lang='lat' dir='ltr'>tridentini</span> <span class='ocrx_word' id='word_1_499' title='bbox 1151 2656 1332 2699; x_wconf 77' lang='lat' dir='ltr'>theologis</span> <span class='ocrx_word' id='word_1_500' title='bbox 1361 2656 1404 2690; x_wconf 85' lang='lat' dir='ltr'>ad</span> <span class='ocrx_word' id='word_1_501' title='bbox 1441 2656 1601 2690; x_wconf 87' lang='lat' dir='ltr'>eiusdem</span> <span class='ocrx_word' id='word_1_502' title='bbox 1631 2655 1771 2690; x_wconf 88' lang='lat' dir='ltr'>concilii</span> <span class='ocrx_word' id='word_1_503' title='bbox 1809 2655 2053 2690; x_wconf 87' lang='lat' dir='ltr'>defensionem</span> 
     </span>
     <span class='ocr_line' id='line_1_48' title="bbox 272 2709 2054 2758; baseline 0 -14"><span class='ocrx_word' id='word_1_504' title='bbox 272 2713 496 2758; x_wconf 68' lang='lat' dir='ltr'>‹·‹‚nscriptos</span> <span class='ocrx_word' id='word_1_505' title='bbox 525 2713 558 2746; x_wconf 89' lang='lat' dir='ltr'>in</span> <span class='ocrx_word' id='word_1_506' title='bbox 579 2712 773 2747; x_wconf 78' lang='lat' dir='ltr'>Germania</span> <span class='ocrx_word' id='word_1_507' title='bbox 791 2732 830 2735; x_wconf 69' lang='lat'>—-</span> <span class='ocrx_word' id='word_1_508' title='bbox 853 2712 942 2745; x_wconf 84' lang='lat' dir='ltr'>haec</span> <span class='ocrx_word' id='word_1_509' title='bbox 961 2723 1104 2756; x_wconf 86' lang='lat' dir='ltr'>quoque</span> <span class='ocrx_word' id='word_1_510' title='bbox 1124 2723 1217 2745; x_wconf 87' lang='lat' dir='ltr'>nova</span> <span class='ocrx_word' id='word_1_511' title='bbox 1236 2713 1323 2745; x_wconf 88' lang='lat' dir='ltr'>sunt</span> <span class='ocrx_word' id='word_1_512' title='bbox 1339 2730 1384 2734; x_wconf 93' lang='lat'>——</span> <span class='ocrx_word' id='word_1_513' title='bbox 1406 2711 1482 2755; x_wconf 90' lang='lat' dir='ltr'>ipso</span> <span class='ocrx_word' id='word_1_514' title='bbox 1502 2722 1532 2744; x_wconf 89' lang='lat' dir='ltr'>a.</span> <span class='ocrx_word' id='word_1_515' title='bbox 1556 2710 1646 2744; x_wconf 68' lang='lat'>1:364</span> <span class='ocrx_word' id='word_1_516' title='bbox 1673 2710 1772 2754; x_wconf 65' lang='lat' dir='ltr'>typis</span> <span class='ocrx_word' id='word_1_517' title='bbox 1800 2709 2054 2745; x_wconf 87' lang='lat' dir='ltr'>describendos</span> 
     </span>
     <span class='ocr_line' id='line_1_49' title="bbox 271 2766 942 2809; baseline -0.001 -9"><span class='ocrx_word' id='word_1_518' title='bbox 271 2767 415 2800; x_wconf 66' lang='lat' dir='ltr'>curzwit</span> <span class='ocrx_word' id='word_1_519' title='bbox 442 2767 528 2809; x_wconf 88' lang='grc'>(166</span> <span class='ocrx_word' id='word_1_520' title='bbox 555 2767 624 2801; x_wconf 89' lang='grc'>200</span> <span class='ocrx_word' id='word_1_521' title='bbox 651 2766 721 2801; x_wconf 75' lang='lat'>228</span> <span class='ocrx_word' id='word_1_522' title='bbox 749 2766 817 2801; x_wconf 75' lang='lat'>336</span> <span class='ocrx_word' id='word_1_523' title='bbox 845 2766 942 2807; x_wconf 76' lang='lat'>337).</span> 
     </span>
    </p>

    <p class='ocr_par' dir='ltr' id='par_1_5' title="bbox 273 2817 2054 3187">
     <span class='ocr_line' id='line_1_50' title="bbox 392 2817 2054 2863; baseline -0.002 -9"><span class='ocrx_word' id='word_1_524' title='bbox 392 2820 516 2854; x_wconf 87' lang='lat' dir='ltr'>Novae</span> <span class='ocrx_word' id='word_1_525' title='bbox 544 2823 629 2854; x_wconf 87' lang='lat' dir='ltr'>sunt</span> <span class='ocrx_word' id='word_1_526' title='bbox 655 2821 763 2854; x_wconf 86' lang='lat' dir='ltr'>etiam</span> <span class='ocrx_word' id='word_1_527' title='bbox 792 2823 828 2853; x_wconf 84' lang='lat' dir='ltr'>et</span> <span class='ocrx_word' id='word_1_528' title='bbox 855 2820 1004 2863; x_wconf 80' lang='lat' dir='ltr'>dignae,</span> <span class='ocrx_word' id='word_1_529' title='bbox 1041 2830 1134 2863; x_wconf 86' lang='lat' dir='ltr'>quae</span> <span class='ocrx_word' id='word_1_530' title='bbox 1161 2819 1206 2853; x_wconf 87' lang='lat' dir='ltr'>ab</span> <span class='ocrx_word' id='word_1_531' title='bbox 1233 2818 1416 2852; x_wconf 84' lang='lat' dir='ltr'>historicis</span> <span class='ocrx_word' id='word_1_532' title='bbox 1441 2820 1671 2863; x_wconf 85' lang='lat' dir='ltr'>spectentur,</span> <span class='ocrx_word' id='word_1_533' title='bbox 1701 2817 1895 2851; x_wconf 85' lang='lat' dir='ltr'>relationes</span> <span class='ocrx_word' id='word_1_534' title='bbox 1921 2817 2054 2851; x_wconf 86' lang='lat' dir='ltr'>triden-</span> 
     </span>
     <span class='ocr_line' id='line_1_51' title="bbox 274 2871 2053 2917; baseline -0.002 -10"><span class='ocrx_word' id='word_1_535' title='bbox 274 2874 380 2911; x_wconf 72' lang='lat' dir='ltr'>tinae,</span> <span class='ocrx_word' id='word_1_536' title='bbox 410 2886 500 2917; x_wconf 84' lang='lat' dir='ltr'>quas</span> <span class='ocrx_word' id='word_1_537' title='bbox 520 2875 557 2908; x_wconf 92' lang='lat' dir='ltr'>l&#39;.</span> <span class='ocrx_word' id='word_1_538' title='bbox 580 2875 730 2908; x_wconf 77' lang='lat' dir='ltr'>Ioannes</span> <span class='ocrx_word' id='word_1_539' title='bbox 758 2875 800 2908; x_wconf 88' lang='lat' dir='ltr'>de</span> <span class='ocrx_word' id='word_1_540' title='bbox 822 2873 988 2914; x_wconf 85' lang='lat' dir='ltr'>Polanco,</span> <span class='ocrx_word' id='word_1_541' title='bbox 1017 2873 1212 2907; x_wconf 78' lang='lat' dir='ltr'>Societatis</span> <span class='ocrx_word' id='word_1_542' title='bbox 1238 2872 1457 2907; x_wconf 78' lang='lat' dir='ltr'>secretarius</span> <span class='ocrx_word' id='word_1_543' title='bbox 1485 2874 1521 2906; x_wconf 86' lang='lat' dir='ltr'>et</span> <span class='ocrx_word' id='word_1_544' title='bbox 1547 2871 1688 2906; x_wconf 86' lang='lat' dir='ltr'>concilii</span> <span class='ocrx_word' id='word_1_545' title='bbox 1716 2871 1918 2915; x_wconf 78' lang='lat' dir='ltr'>theologus,</span> <span class='ocrx_word' id='word_1_546' title='bbox 1947 2871 2053 2905; x_wconf 87' lang='lat' dir='ltr'>inter-</span> 
     </span>
     <span class='ocr_line' id='line_1_52' title="bbox 273 2924 2054 2972; baseline -0.001 -13"><span class='ocrx_word' id='word_1_547' title='bbox 273 2928 355 2960; x_wconf 86' lang='lat' dir='ltr'>dum</span> <span class='ocrx_word' id='word_1_548' title='bbox 385 2928 428 2961; x_wconf 88' lang='lat' dir='ltr'>ad</span> <span class='ocrx_word' id='word_1_549' title='bbox 450 2928 632 2962; x_wconf 82' lang='lat' dir='ltr'>Canisium</span> <span class='ocrx_word' id='word_1_550' title='bbox 653 2928 814 2972; x_wconf 80' lang='lat' dir='ltr'>aliosque</span> <span class='ocrx_word' id='word_1_551' title='bbox 834 2927 1028 2962; x_wconf 78' lang='lat' dir='ltr'>Societatis</span> <span class='ocrx_word' id='word_1_552' title='bbox 1056 2926 1282 2972; x_wconf 86' lang='lat' dir='ltr'>praepositos</span> <span class='ocrx_word' id='word_1_553' title='bbox 1302 2926 1480 2965; x_wconf 75' lang='lat' dir='ltr'>mittebat,</span> <span class='ocrx_word' id='word_1_554' title='bbox 1509 2937 1572 2970; x_wconf 87' lang='lat' dir='ltr'>per</span> <span class='ocrx_word' id='word_1_555' title='bbox 1599 2937 1689 2969; x_wconf 90' lang='lat' dir='ltr'>quos</span> <span class='ocrx_word' id='word_1_556' title='bbox 1708 2927 1743 2959; x_wconf 85' lang='lat' dir='ltr'>et</span> <span class='ocrx_word' id='word_1_557' title='bbox 1769 2937 1849 2959; x_wconf 89' lang='lat' dir='ltr'>cum</span> <span class='ocrx_word' id='word_1_558' title='bbox 1868 2924 2054 2959; x_wconf 88' lang='lat' dir='ltr'>sodalibus</span> 
     </span>
     <span class='ocr_line' id='line_1_53' title="bbox 274 2978 2052 3021; baseline 0 -9"><span class='ocrx_word' id='word_1_559' title='bbox 274 2983 309 3013; x_wconf 76' lang='lat' dir='ltr'>et</span> <span class='ocrx_word' id='word_1_560' title='bbox 328 2993 407 3014; x_wconf 83' lang='lat' dir='ltr'>cum</span> <span class='ocrx_word' id='word_1_561' title='bbox 423 2981 549 3015; x_wconf 77' lang='lat' dir='ltr'>amicis</span> <span class='ocrx_word' id='word_1_562' title='bbox 569 2982 934 3016; x_wconf 62' lang='lat' dir='ltr'>communii-‚arentur:</span> <span class='ocrx_word' id='word_1_563' title='bbox 956 2981 1047 3015; x_wconf 88' lang='lat' dir='ltr'>idem</span> <span class='ocrx_word' id='word_1_564' title='bbox 1069 2981 1111 3015; x_wconf 88' lang='lat' dir='ltr'>de</span> <span class='ocrx_word' id='word_1_565' title='bbox 1132 2980 1358 3015; x_wconf 80' lang='lat' dir='ltr'>brevioribus</span> <span class='ocrx_word' id='word_1_566' title='bbox 1377 2980 1455 3014; x_wconf 87' lang='lat' dir='ltr'>dico</span> <span class='ocrx_word' id='word_1_567' title='bbox 1475 2991 1593 3013; x_wconf 89' lang='lat' dir='ltr'>rerum</span> <span class='ocrx_word' id='word_1_568' title='bbox 1613 2979 1753 3014; x_wconf 88' lang='lat' dir='ltr'>concilii</span> <span class='ocrx_word' id='word_1_569' title='bbox 1773 2978 2052 3021; x_wconf 81' lang='lat' dir='ltr'>narrationibus,</span> 
     </span>
     <span class='ocr_line' id='line_1_54' title="bbox 274 3031 2053 3079; baseline 0 -13"><span class='ocrx_word' id='word_1_570' title='bbox 274 3046 365 3076; x_wconf 74' lang='lat' dir='ltr'>quas</span> <span class='ocrx_word' id='word_1_571' title='bbox 389 3034 564 3068; x_wconf 78' lang='lat' dir='ltr'>l&#39;olancus</span> <span class='ocrx_word' id='word_1_572' title='bbox 583 3035 750 3079; x_wconf 71' lang='lat' dir='ltr'>epistulis</span> <span class='ocrx_word' id='word_1_573' title='bbox 777 3036 819 3069; x_wconf 87' lang='lat' dir='ltr'>de</span> <span class='ocrx_word' id='word_1_574' title='bbox 839 3035 1032 3069; x_wconf 82' lang='lat' dir='ltr'>Societatis</span> <span class='ocrx_word' id='word_1_575' title='bbox 1050 3035 1206 3078; x_wconf 78' lang='lat' dir='ltr'>negotiis</span> <span class='ocrx_word' id='word_1_576' title='bbox 1225 3034 1396 3068; x_wconf 72' lang='lat' dir='ltr'>&#39;l&#39;ridento</span> <span class='ocrx_word' id='word_1_577' title='bbox 1424 3033 1518 3067; x_wconf 81' lang='lat' dir='ltr'>datis</span> <span class='ocrx_word' id='word_1_578' title='bbox 1536 3044 1645 3077; x_wconf 82' lang='lat' dir='ltr'>saepe</span> <span class='ocrx_word' id='word_1_579' title='bbox 1665 3032 1894 3077; x_wconf 84' lang='lat' dir='ltr'>adiungebat.</span> <span class='ocrx_word' id='word_1_580' title='bbox 1939 3031 2053 3066; x_wconf 88' lang='lat' dir='ltr'>Erant</span> 
     </span>
     <span class='ocr_line' id='line_1_55' title="bbox 273 3086 2051 3133; baseline 0.001 -14"><span class='ocrx_word' id='word_1_581' title='bbox 273 3091 320 3125; x_wconf 73' lang='lat' dir='ltr'>ct,</span> <span class='ocrx_word' id='word_1_582' title='bbox 349 3088 416 3121; x_wconf 74' lang='lat' dir='ltr'>nisi</span> <span class='ocrx_word' id='word_1_583' title='bbox 436 3088 626 3121; x_wconf 83' lang='lat' dir='ltr'>admodum</span> <span class='ocrx_word' id='word_1_584' title='bbox 647 3089 762 3127; x_wconf 78' lang='lat' dir='ltr'>fallor,</span> <span class='ocrx_word' id='word_1_585' title='bbox 787 3091 873 3123; x_wconf 87' lang='lat' dir='ltr'>sunt</span> <span class='ocrx_word' id='word_1_586' title='bbox 891 3089 1019 3129; x_wconf 82' lang='lat' dir='ltr'>adhuc,</span> <span class='ocrx_word' id='word_1_587' title='bbox 1044 3089 1103 3133; x_wconf 86' lang='lat' dir='ltr'>qui</span> <span class='ocrx_word' id='word_1_588' title='bbox 1124 3088 1288 3122; x_wconf 83' lang='lat' dir='ltr'>Tridenti</span> <span class='ocrx_word' id='word_1_589' title='bbox 1308 3087 1502 3123; x_wconf 84' lang='lat' dir='ltr'>Societatis</span> <span class='ocrx_word' id='word_1_590' title='bbox 1520 3087 1683 3122; x_wconf 84' lang='lat' dir='ltr'>homines</span> <span class='ocrx_word' id='word_1_591' title='bbox 1701 3087 1867 3121; x_wconf 87' lang='lat' dir='ltr'>manibus</span> <span class='ocrx_word' id='word_1_592' title='bbox 1887 3086 2051 3131; x_wconf 88' lang='lat' dir='ltr'>pedibus-</span> 
     </span>
     <span class='ocr_line' id='line_1_56' title="bbox 274 3140 2051 3187; baseline 0.002 -17"><span class='ocrx_word' id='word_1_593' title='bbox 274 3152 354 3183; x_wconf 76' lang='lat' dir='ltr'>que,</span> <span class='ocrx_word' id='word_1_594' title='bbox 382 3141 573 3184; x_wconf 72' lang='lat' dir='ltr'>quominus</span> <span class='ocrx_word' id='word_1_595' title='bbox 600 3142 753 3176; x_wconf 71' lang='lat' dir='ltr'>ecclesia</span> <span class='ocrx_word' id='word_1_596' title='bbox 779 3145 815 3176; x_wconf 86' lang='lat' dir='ltr'>et</span> <span class='ocrx_word' id='word_1_597' title='bbox 843 3142 1019 3187; x_wconf 77' lang='lat' dir='ltr'>imprimis</span> <span class='ocrx_word' id='word_1_598' title='bbox 1037 3142 1135 3176; x_wconf 87' lang='lat' dir='ltr'>curia</span> <span class='ocrx_word' id='word_1_599' title='bbox 1152 3154 1299 3176; x_wconf 86' lang='lat' dir='ltr'>romana</span> <span class='ocrx_word' id='word_1_600' title='bbox 1318 3143 1587 3182; x_wconf 78' lang='lat' dir='ltr'>reformaretur,</span> <span class='ocrx_word' id='word_1_601' title='bbox 1614 3151 1837 3185; x_wconf 84' lang='lat' dir='ltr'>repugnasse</span> <span class='ocrx_word' id='word_1_602' title='bbox 1856 3140 2051 3174; x_wconf 85' lang='lat' dir='ltr'>affirment.</span> 
     </span>
    </p>
   </div>
  </div>
 </body>
</html>
