2182 3339
263 114 365 141 XXII
817 97 861 132 II.
899 97 1127 131 Prooemium
1155 96 1352 131 voluminis
1379 97 1511 141 quarti.

384 217 622 259 Praeterea
661 215 716 257 ad
759 215 972 270 epistulas
1006 218 1050 258 et
1093 219 1378 259 monumenta
1411 215 1675 269 explicanda
1708 217 1753 258 et
1793 215 2058 258 illustranda

265 282 488 325 adhibitae
522 284 625 323 sunt
658 280 751 323 fere
787 282 872 323 500
907 280 1217 323 adnotationes
1251 284 1334 324 etc.
1370 295 1425 323 ex
1459 280 1672 332 fontibus,
1709 281 1823 335 quod
1856 281 2057 335 equidem

264 349 413 398 sciam,
449 347 640 389 nondum
674 347 896 400 evulgatis
930 347 1231 401 depromptae.

383 414 437 456 ΙΙ.
473 413 700 467 Epistulas
733 415 1104 466 monumentaque
1139 412 1292 455 edendi
1333 412 1613 455 rationem
1646 412 1689 454 in
1722 413 1803 454 hoc
1837 412 2058 455 volumine

264 480 446 522 eandem
481 481 658 521 secutus
691 493 786 521 sum
821 482 956 532 atque
988 478 1032 520 in
1065 478 1287 521 volumine
1320 478 1453 522 tertio
1487 478 1608 532 (vide
1632 478 1795 521 Canisii
1832 478 2058 533 Epistulas

263 546 326 588 ΙΠ
360 545 484 598 ΧΠ);
519 544 602 587 nisi
636 545 750 598 quod
783 545 892 587 haec
927 545 1010 587 duo
1043 544 1304 587 immutavi:

387 613 423 655 1.
464 611 514 653 In
559 611 857 665 superioribus
902 610 1195 653 voluminibus
1242 610 1468 665 epistulis,
1516 624 1628 664 quae
1674 610 1812 653 latino
1858 625 2058 653 sermone

264 677 456 732 scriptae
478 691 565 719 non
589 679 728 728 erant,
764 676 1012 719 versionem
1045 676 1230 719 latinam
1253 676 1493 719 minoribus
1521 677 1641 732 typis
1665 676 1931 731 descriptam
1955 677 2058 719 sub-

262 743 512 797 iungebam.
557 743 606 784 In
641 746 866 797 posterum
899 742 1111 785 eiusmodi
1138 742 1340 785 versione
1367 744 1654 798 supersedere
1677 746 1722 785 et
1744 742 1942 796 singulas
1965 743 2057 798 epi-

263 810 404 853 stulas
434 823 484 852 eo
507 811 682 852 tantum
705 823 920 859 sermone,
956 823 1039 862 quo
1064 809 1118 851 ab
1142 812 1322 852 auctore
1346 809 1539 864 scriptae
1562 811 1677 859 sunt,
1713 823 1875 863 ponere
1897 809 2055 852 statui:

264 876 320 919 ad
363 876 477 929 quod
519 874 746 917 consilium
789 875 1049 930 capiendum
1091 875 1178 917 tria
1213 889 1282 917 me
1315 878 1570 918 moverunt:
1615 874 1659 928 a)
1694 875 1942 917 Periculum
1975 878 2056 925 est,

263 956 318 984 ne
350 942 432 984 hoc
466 956 574 996 opus
596 941 726 983 nimis
756 941 980 984 dilatet-ur.
1036 940 1080 994 b)
1105 941 1224 996 Opus
1247 941 1522 996 potissimum
1545 940 1765 984 historicis
1789 941 2058 984 destinatum

264 1011 351 1059 est;
399 1008 471 1062 qui
505 1021 610 1049 vero
652 1007 882 1050 historiam
916 1007 1081 1049 saeculi
1113 1007 1230 1050 XVI,
1266 1021 1321 1049 ex
1360 1007 1555 1050 fontibus
1589 1021 1855 1061 cognoscere
1889 1008 2057 1055 volunt.

263 1074 292 1116 ii
335 1088 419 1116 non
453 1074 593 1116 solum
635 1074 798 1125 latine,
843 1073 919 1115 sed
963 1073 1096 1116 etiam
1135 1073 1304 1124 italice,
1339 1073 1585 1128 hispanice,
1632 1073 1883 1126 germanice
1916 1074 2059 1117 sciant

263 1143 452 1196 oportet.
517 1140 644 1183 Certe
677 1141 759 1182 hoc
793 1153 966 1194 quoque
999 1143 1164 1194 specto,
1200 1143 1261 1192 ut,
1297 1140 1369 1194 qui
1402 1139 1554 1190 velint,
1589 1139 1698 1182 libro
1732 1139 1787 1182 ad
1820 1139 1937 1195 piam
1970 1140 2058 1182 lec·=

263 1208 428 1250 tionem
461 1206 525 1249 uti
557 1206 749 1261 possint:
785 1207 840 1248 ad
874 1206 1085 1261 pietatem
1110 1209 1256 1249 autem
1282 1206 1562 1248 excitandam
1587 1206 1778 1248 maxime
1801 1209 1933 1260 aptae
1956 1210 2059 1248 sunt

265 1273 493 1328 epistulae,
529 1287 638 1326 quas
670 1272 868 1315 Canisius
901 1272 995 1327 ipse
1029 1272 1219 1326 scripsit,
1255 1275 1388 1326 atque
1421 1272 1504 1314 hae
1538 1286 1676 1327 paene
1711 1286 1861 1314 omnes
1893 1271 2059 1315 latinae

264 1341 379 1382 sunt.
436 1339 476 1391 c)
507 1338 601 1381 Viri
635 1338 766 1389 docti,
801 1338 874 1392 qui
907 1339 989 1381 hac
1024 1341 1178 1381 nostra
1211 1341 1360 1382 aetate
1394 1341 1677 1381 monumenta
1709 1338 1836 1380 huius
1868 1338 2056 1392 generis,

265 1408 313 1448 ut
354 1404 592 1447 relationes
634 1405 887 1448 nuntiorum
930 1404 1271 1459 apostolicorum
1313 1405 1489 1447 saeculo
1532 1404 1648 1447 XVI.
1689 1404 1732 1446 in
1776 1404 2057 1447 Germaniam

264 1471 510 1522 missorum,
544 1471 719 1513 litteras
751 1473 972 1513 oratorum
1000 1473 1258 1513 venetorum
1283 1471 1433 1513 eodem
1458 1471 1633 1513 saeculo
1668 1470 1809 1522 datas,
1845 1470 2058 1525 epistulas

265 1537 501 1579 cardinalis
534 1537 680 1587 Hosii,
725 1537 772 1580 P.
808 1536 1068 1591 Hieronymi
1100 1536 1267 1586 Nadal,
1313 1537 1510 1587 aliorum,
1547 1540 1648 1579 acta
1681 1536 1736 1578 ad
1770 1536 1940 1579 concilii
1982 1538 2057 1579 tri-

266 1603 431 1646 dentini
463 1603 693 1646 historiam
727 1603 997 1658 pertinentia
1020 1606 1101 1646 etc.
1127 1604 1367 1657 vulgarunt
1390 1603 1676 1657 vulgantque,
1712 1617 1763 1645 ea
1787 1603 1861 1645 illo
1884 1605 2055 1645 tant-um

265 1683 478 1720 sermone,
514 1683 598 1723 quo
621 1669 808 1724 primum
833 1669 1000 1724 scripta
1023 1672 1138 1719 sunt,
1174 1672 1424 1724 proponunt
1447 1683 1586 1723 neque
1609 1669 1917 1720 monumentis,
1945 1683 2057 1723 quae

262 1735 403 1778 latina
436 1749 522 1777 non
555 1739 681 1786 sunt,
715 1735 940 1777 versiones
973 1735 1137 1778 latinas
1170 1735 1428 1790 adiungunt.
1493 1735 1678 1778 Accedit
1711 1734 1897 1788 aliquid,
1941 1735 2056 1788 quod

265 1801 491 1844 canisiano
534 1801 634 1843 huic
669 1801 788 1856 operi
833 1801 1057 1856 proprium
1091 1804 1177 1844 est:
1214 1802 1493 1857 Superiorum
1537 1801 1806 1844 voluminum
1841 1801 2056 1856 epistulae

263 1868 439 1910 italicae
470 1893 528 1898 —
562 1868 614 1909 de
656 1867 723 1909 liis
756 1867 948 1910 maxime
982 1868 1230 1922 quaeritur;
1274 1882 1375 1910 nam
1414 1868 1693 1922 germanicae
1727 1870 1772 1910 et
1803 1867 2056 1922 hispanicae

263 1948 392 1976 rarae
433 1936 536 1976 sunt
567 1958 625 1962 ——
656 1933 749 1976 fere
791 1948 992 1976 sermone
1031 1934 1141 1976 satis
1175 1933 1334 1976 vitioso
1369 1938 1413 1977 et
1452 1933 1769 1988 orthographia
1803 1933 1933 1976 valde
1965 1933 2054 1976 sin-

264 1999 405 2053 gulari
451 1999 643 2054 scriptae
689 2003 838 2048 erant:
889 2000 969 2042 hoc
1014 2014 1119 2042 vero
1168 2000 1488 2042 incommodum
1534 2000 1577 2042 in
1626 2001 1707 2042 hoc
1755 1999 2054 2055 proximisque

263 2065 558 2108 voluminibus
601 2067 730 2119 longe
772 2065 915 2108 rarius
958 2066 1161 2110 occurrit.
1235 2066 1438 2109 Ceterum
1481 2066 1731 2109 versionum
1775 2065 2053 2108 omissionem

265 2132 412 2185 aliqua
454 2131 625 2174 ratione
668 2146 953 2186 compensare
995 2132 1164 2175 studui:
1212 2132 1425 2186 Epistulis
1467 2132 1649 2182 italicis,
1693 2132 1930 2187 hispanicis
1969 2135 2052 2175 etc.

264 2197 516 2247 summaria,
552 2211 664 2250 quae
698 2201 874 2247 vocant,
910 2199 1143 2253 praeposui
1179 2198 1435 2253 copiosiora.

387 2265 425 2306 2.
461 2262 583 2312 Quod
616 2263 671 2305 ad
711 2266 937 2317 „regesta“
966 2264 1250 2318 proponenda
1285 2264 1462 2315 attinet,
1496 2264 1539 2305 in
1574 2267 1797 2318 postorum
1831 2263 2054 2306 liberalior

266 2343 363 2379 ero,
408 2343 537 2383 quam
580 2343 718 2382 usque
760 2329 901 2371 adhuc
946 2344 1079 2372 cram.
1145 2329 1443 2384 Epistularum
1479 2329 1615 2379 enim,
1663 2343 1774 2383 quae
1814 2330 2051 2384 perierunt,

265 2398 443 2450 regesta
476 2409 560 2436 non
585 2395 724 2436 solum
759 2394 826 2446 (ut
860 2409 996 2449 usque
1020 2395 1161 2437 adhuc
1194 2394 1310 2447 feci),
1346 2410 1441 2438 cum
1476 2396 1518 2437 in
1553 2396 1713 2438 litteris
1742 2395 2052 2438 monumentis-

264 2476 347 2515 que
391 2462 642 2514 ceteroquin
687 2461 729 2502 in
772 2461 852 2502 hoc
894 2476 1025 2515 opere
1064 2475 1148 2503 non
1183 2461 1538 2516 comparentibus
1571 2476 1719 2504 earum
1756 2462 1919 2505 mentio
1961 2463 2051 2513 fiet,

265 2542 437 2582 ponam,
471 2527 548 2569 sed
582 2527 714 2569 etiam
750 2526 809 2578 (id
845 2527 958 2580 quod
993 2530 1125 2569 antea
1148 2541 1233 2569 non
1258 2527 1492 2582 praestiti),
1529 2542 1625 2569 cum
1648 2528 1690 2569 in
1716 2528 1876 2570 litteris
1899 2543 2052 2570 monu-

266 2593 495 2642 mentisve,
536 2607 648 2646 quae
683 2596 727 2635 et
760 2593 854 2646 ipsa
888 2592 930 2634 in
964 2592 1044 2634 hoc
1079 2607 1209 2647 opere
1243 2594 1528 2644 excudentur,
1564 2594 1944 2644 memoralmntur;
1988 2594 2052 2637 ita

265 2659 392 2707 enim,
427 2659 510 2700 nisi
543 2659 686 2709 fallor,
723 2658 929 2700 universa
962 2658 1122 2700 Canisii
1156 2673 1227 2701 res
1260 2659 1487 2714 epistolica
1521 2662 1565 2702 et
1599 2660 1768 2713 plenius
1802 2663 1846 2702 et
1879 2659 2052 2715 planius

266 2724 543 2766 exhibebitur
586 2726 961 2778 proponeturque;
1006 2727 1237 2778 praeterea
1269 2729 1446 2779 regesta
1488 2725 1616 2776 hacc,
1662 2741 1757 2767 cum
1792 2726 1973 2767 seorsim
2007 2726 2050 2768 in

266 2790 404 2832 lucem
441 2790 723 2834 emittuntur,
759 2790 930 2832 facilius
965 2790 1175 2844 explicari
1210 2794 1255 2833 ct
1288 2791 1498 2834 illustrari
1538 2795 1742 2845 possunt,
1789 2806 1918 2845 quam
1953 2807 2048 2834 cum

266 2859 436 2897 tantum
471 2856 567 2897 aliis
600 2855 799 2909 epistulis
833 2855 956 2909 quasi
990 2856 1189 2898 involuta
1223 2859 1536 2911 proponuntur.

387 2925 425 2963 55.
467 2921 589 2962 {laud
632 2935 730 2962 raro
774 2921 1050 2963 librariorum
1086 2922 1155 2963 vel
1195 2922 1477 2976 neglegentia
1509 2923 1580 2964 vel
1623 2922 1906 2965 festinatione
1952 2923 2046 2966 fac-

268 2989 356 3027 ium
383 2989 461 3034 ost,
498 2989 543 3026 ut
569 2986 668 3027 bina
692 2987 757 3027 vel
784 2989 911 3028 terna
935 2987 1070 3029 verba
1095 3001 1324 3042 perperam
1351 2988 1391 3029 in
1417 3003 1546 3030 unum
1572 2989 1965 3043 coniungerentur3
2001 2992 2050 3032 ut

272 3051 506 3104 ,.s1n·1·osi“,
546 3055 842 3105 ,osu-cargo‘g
883 3053 1235 3106 „sopralecose“;
1271 3053 1377 3096 haec
1400 3068 1481 3108 ego
1505 3054 1786 3108 seiungebam
1809 3079 1865 3084 —
1897 3069 2048 3109 „spero

267 3116 346 3166 si“,
389 3119 505 3166 „estc
530 3125 703 3169 rargo“‚
735 3132 890 3171 „sopra
915 3118 953 3160 10
978 3122 1100 3160 cose“
1127 3136 1204 3163 —:
1239 3133 1378 3173 neque
1401 3134 1581 3162 necesse
1605 3135 1700 3163 esse
1725 3120 2046 3172 existimabam,
