2182 3339
258 114 446 142 XXXVIII
809 97 854 131 II.
890 96 1120 130 Prooemium
1147 95 1342 129 voluminis
1369 95 1501 139 quarti.

256 216 476 260 ligerentur;
506 213 716 260 prodierunt
735 225 766 248 a.
789 213 880 248 1563
899 212 1068 256 Dilingae
1086 212 1192 247 binae
1211 211 1416 246 huiusmodi
1436 211 1591 252 litterae,
1617 222 1705 256 pure
1724 213 1761 245 et
1778 210 1890 245 latine
1909 222 2049 250 versae,

257 281 339 304 cum
367 269 511 304 Ioannis
538 267 753 312 Agricolae,
792 267 993 301 medicinae
1021 267 1055 300 in
1083 266 1325 301 universitate
1362 265 1638 309 ingolstadiensi
1675 264 1912 310 professoris,
1949 276 2050 310 prae·

256 324 404 365 satione,
432 324 535 358 cuius
553 324 695 367 partem
715 322 874 366 aliquam
895 320 1062 355 Canisius
1082 321 1159 366 ipse
1178 320 1377 365 scripserat
1398 319 1520 363 (983):
1551 321 1660 363 atque
1679 319 1747 353 hae
1771 319 2051 364 „Epistolae

260 377 477 412 Indicae“
500 377 647 410 fuerunt
665 375 848 421 primitiae
872 375 1110 420 plurimarum
1137 375 1343 408 litterarum
1364 376 1401 408 et·
1418 373 1647 415 relationum,
1675 385 1767 417 quae
1787 373 1830 407 de
1853 373 2051 415 „missioni-

258 432 325 466 bus
357 431 513 465 exteris“
554 429 612 464 vel
647 429 750 464 libris
786 429 1035 472 singularibus
1062 429 1119 462 vel
1151 428 1282 462 libellis
1317 427 1511 473 periodicis
1540 427 1573 461 in
1602 426 1798 462 Germania
1833 427 2004 472 deinceps
2031 439 2052 461 a

259 485 449 520 catholicis
479 484 537 528 (ac
564 496 628 518 suo
656 484 760 518 modo
788 484 898 518 etiam
923 495 943 517 a
970 482 1276 528 protestantibus)
1307 482 1482 526 vulgatae
1509 483 1595 515 sunt
1621 484 1658 515 et
1684 493 1779 516 nunc
1805 493 1948 526 quoque
1974 481 2052 516 vul-

259 542 403 583 gantur.
448 539 582 573 Eodem
609 541 773 583 tempore
793 538 962 572 Canisius
989 549 1099 582 saepe
1126 537 1354 581 multumque
1381 536 1553 575 instabat,
1580 538 1620 570 ut
1639 536 1812 570 refutatio
1839 535 1902 569 illa
1924 535 2053 578 „Prae-

260 594 446 639 cipuorum
483 592 643 637 capitum
681 592 888 635 theologiae
925 592 1191 626 Iesuvitarum‘
1223 603 1243 625 a
1270 591 1428 625 Martino
1457 589 1660 624 Chemnitio
1688 602 1720 624 a.
1750 590 1841 624 1562
1872 590 1931 624 vel
1961 589 2053 624 1563

259 648 447 689 editorum,
476 659 584 691 quam
605 646 764 681 Didacus
786 646 974 689 (Iacobus)
1000 646 1095 691 Pay
1109 657 1164 679 va
1191 645 1242 679 de
1270 645 1518 687 Andrada,
1549 656 1640 679 unus
1667 656 1713 678 ex
1739 643 1946 689 praecipuis
1973 655 2052 678 con-

259 702 332 736 cilii
351 701 538 736 tridentini
556 700 750 743 theologis,
779 699 1076 734 conscribendam
1097 701 1321 744 susceperat,
1340 698 1442 733 brevi
1462 699 1734 738 absolveretur;
1762 698 1840 744 ipse
1859 697 2054 732 Andradae

258 755 439 790 scribendi
467 755 658 789 materiam
679 758 715 788 et
732 754 983 799 suppeditavit
1009 758 1046 788 et
1072 753 1376 798 suppeditandam
1404 764 1468 797 per
1486 752 1610 787 Socios
1636 752 1863 786 colonienses
1890 751 2052 792 curavit;

259 822 301 844 ac
329 821 410 844 cum
430 822 462 844 a.
484 810 575 844 1564
599 807 930 851 „orthodoxae
959 807 1360 853 Explicationes“
1383 807 1548 842 Venetiis
1575 807 1694 841 editae
1722 812 1856 847 essent,
1886 805 2054 840 Canisius

259 864 388 906 effecit,
417 866 457 899 ut
475 863 686 909 praeclarus
704 862 763 897 hic
783 863 974 896 Andradae
994 863 1085 896 liber
1104 861 1228 896 eodem
1256 873 1349 895 anno
1370 860 1540 896 Coloniae
1567 860 1794 895 emendatius
1813 860 2056 895 excuderetur

262 919 403 961 (1014).
440 918 528 952 Cum
557 920 678 952 autem
699 917 893 951 Chemnitii
920 917 1022 958 liber,
1050 928 1120 961 quo
1147 916 1265 950 maius
1292 915 1439 950 Iesuitis
1467 915 1562 961 apud
1590 915 1723 959 vulgus
1751 914 1870 948 odium
1899 916 2054 960 pareret,

258 985 279 1007 a
306 973 439 1007 Ioanne
466 973 616 1016 Zanger,
645 971 934 1006 Lutheranorum
961 970 1279 1005 brunsvicensium
1308 971 1575 1011 contionatum,
1606 981 1676 1004 non
1704 969 1818 1003 solum
1848 968 2055 1012 germanice

260 1027 433 1068 redditus,
461 1027 524 1061 sed
545 1027 655 1060 etiam
674 1026 885 1060 foedissima
904 1025 1170 1060 calumniarum
1190 1028 1227 1059 et
1244 1024 1490 1059 conviciorum
1510 1023 1666 1058 colluvie
1685 1023 1928 1069 amplificatus
1947 1024 2056 1063 esset,

262 1082 429 1116 Canisius
465 1082 541 1127 ipse
578 1082 779 1123 Zangerum
813 1080 949 1125 scripto
986 1079 1164 1114 refutavit
1200 1079 1428 1122 germanico,
1465 1078 1560 1123 quod
1600 1078 1718 1121 „Von
1755 1077 1835 1111 der
1873 1076 2056 1111 Gesell-

261 1136 453 1171 schafft
489 1136 623 1170 Jesu“
664 1135 880 1180 inscriptum
917 1147 982 1179 per
1008 1134 1180 1168 Ioannem
1207 1133 1398 1167 Albertum
1425 1133 1642 1176 magistrum
1670 1131 1993 1175 ingolstadiensem
2021 1132 2058 1164 et

263 1190 456 1225 Societatis
485 1190 565 1224 lesu
593 1189 748 1223 amicum
775 1188 1070 1234 locupletandum
1099 1191 1135 1222 et
1154 1187 1369 1232 lngolstadii
1395 1199 1489 1221 anno
1521 1188 1610 1221 1563
1639 1186 1884 1230 evulgandum
1913 1185 2058 1220 curavit

265 1245 404 1288 (1001).
449 1244 549 1278 Haec
577 1255 719 1288 quoque
752 1243 888 1278 Canisii
917 1243 1106 1287 diligentia
1133 1243 1177 1276 ab
1214 1242 1418 1282 oblivione,
1454 1242 1490 1276 in
1527 1253 1634 1285 quam
1671 1242 1842 1281 venerat,
1879 1239 2058 1273 vindicari

264 1299 407 1334 meruit.
459 1299 563 1333 Anno
594 1299 685 1333 1564
712 1300 748 1332 et
774 1297 876 1331 initio
903 1309 934 1332 a.
966 1298 1055 1332 1565
1086 1296 1251 1331 Canisius
1282 1295 1543 1339 „Libellum
1578 1294 1902 1339 Agendarum¹⁴
1944 1293 2057 1328 eccle-

263 1354 434 1388 siasticae
449 1353 657 1398 provinciae
672 1351 955 1396 salisburgensis
973 1351 1114 1386 [oannis
1130 1351 1248 1385 Iacobi
1268 1350 1531 1395 archiepiscopi
1550 1353 1681 1393 rogatu
1699 1347 1913 1391 recognovit
1932 1346 2034 1391 (614)
2050 1360 2057 1387 ;

265 1420 383 1452 quam.
408 1406 694 1451 recognitionem
730 1407 832 1452 typis
867 1405 1057 1449 vulgatam
1095 1417 1175 1440 esse
1204 1406 1239 1438 et
1266 1416 1332 1448 ego
1361 1407 1397 1439 et
1432 1404 1493 1438 alii
1530 1403 1666 1449 opinati
1703 1414 1866 1442 eramus3
1904 1404 1941 1436 at
1978 1412 2058 1435 eam

263 1474 447 1507 nunquam
476 1473 649 1496 excusam
677 1472 757 1495 esse
784 1472 880 1495 nunc
906 1460 992 1494 mihi
1027 1460 1153 1494 videor
1189 1459 1415 1503 argumentis
1451 1458 1561 1493 certis
1589 1457 1755 1492 evincere
1782 1468 1888 1502 posse
1917 1455 2057 1499 (1032).

264 1518 376 1552 Varia
403 1528 545 1561 quoque
572 1515 827 1550 Francisci
865 1514 1059 1549 Costeri
1089 1514 1123 1549 S.
1151 1514 1183 1549 J.
1211 1513 1349 1558 scripta
1387 1513 1565 1558 polemica
1594 1512 1762 1547 Canisius
1789 1511 1846 1545 his
1873 1510 1978 1545 annis
2004 1521 2057 1543 re-

265 1572 437 1616 cognovit
464 1572 548 1613 (217
579 1571 677 1611 549ν,
706 1581 798 1613 quae
825 1572 953 1614 postea
980 1569 1015 1602 in
1042 1568 1185 1611 insigne
1213 1567 1300 1602 illud
1338 1567 1707 1611 vulgatissimumque
1735 1564 1875 1600 Costeri
1906 1563 2056 1607 „Euchi-

263 1627 378 1661 ridion
406 1626 758 1660 controversiarum“
790 1624 906 1657 relata
933 1625 1019 1657 sunt
1049 1623 1164 1667 (242).
1209 1622 1394 1657 Coloniam
1422 1622 1514 1655 idern
1545 1620 1757 1666 Hieronymi
1786 1618 1948 1654 Osorii
1980 1617 2056 1660 „Ci-

264 1681 404 1715 ceronis
431 1679 600 1714 lusitani“
631 1678 806 1723 scriptum
835 1677 1014 1722 quoddam
1043 1677 1152 1717 misit,
1180 1679 1221 1711 ut
1247 1676 1347 1721 typis
1374 1675 1640 1710 describeretur
1661 1674 1775 1718 (227).
1813 1673 1888 1707 Hoc
1912 1683 2055 1716 quoque

264 1746 483 1780 magnopere
510 1733 799 1773 commendabat,
826 1735 866 1766 ut
886 1744 931 1766 ex
958 1732 1117 1766 romanis
1144 1731 1374 1766 bibliothecis
1401 1732 1529 1764 vetera
1555 1729 1768 1763 concilia
1795 1731 1839 1762 et
1866 1730 2054 1772 patrum

264 1801 407 1835 opera
442 1788 630 1823 emendate
658 1789 694 1820 et
720 1788 890 1821 accurate
924 1786 1024 1831 typis
1052 1785 1346 1820 exscriberentur
1374 1784 1456 1828 (271
1488 1784 1585 1827 276),
1613 1785 1722 1828 atque
1750 1782 1860 1817 Hosio
1896 1780 2054 1825 scripsit,

265 1844 499 1878 vehementer
525 1842 592 1876 sibi
624 1841 787 1886 probari,
816 1841 908 1884 quod
938 1840 1073 1874 Romae
1100 1851 1287 1874 sacrorum
1314 1838 1512 1873 Bibliorum
1541 1841 1577 1872 et
1603 1848 1749 1883 operum
1779 1836 1812 1870 S.
1842 1834 2054 1880 Hieronymi

263 1910 377 1932 novas
404 1897 581 1931 editiones
609 1898 778 1940 pararent
809 1896 922 1937 (731).

384 1953 416 1986 9.
453 1950 622 1986 Canisius
658 1949 961 1994 occupatissimus
989 1948 1103 1982 fuisse
1130 1948 1303 1982 dicendus
1331 1949 1447 1988 esset,
1484 1947 1513 1981 si
1543 1946 1682 1980 duobus
1709 1945 1809 1980 hisce
1835 1943 1940 1978 annis
1966 1942 2054 1978 solis

262 2006 489 2041 contionibus
508 2005 580 2039 illis
607 2004 781 2047 librisque
808 2003 975 2037 addictus
1002 2003 1134 2037 fuisset
1160 2014 1277 2047 neque
1304 2001 1418 2036 ullum
1438 2001 1473 2035 in
1493 2000 1673 2035 Societate
1700 2000 1779 2045 ipsa
1798 1998 2052 2042 magistratum

262 2061 468 2096 habuisset:
505 2059 568 2093 sed
604 2057 712 2092 simul
741 2057 934 2091 Societatis
966 2069 1029 2102 per
1056 2057 1288 2092 Germaniam
1326 2055 1549 2100 superiorem
1587 2054 1919 2100 praepositum
1956 2063 2052 2097 pro-

262 2115 523 2150 vincialem
564 2114 690 2157 ageret
728 2123 877 2146 necesse
914 2112 1011 2145 erat!
1075 2110 1315 2155 Collegiorum
1357 2110 1503 2154 quidem
1543 2109 1752 2154 pragensis,
1791 2105 2052 2153 tyrnaviensis,

262 2168 540 2204 vindobonensis
560 2164 647 2202 cura
664 2178 757 2200 anno
780 2166 881 2205 1562,
910 2166 1003 2210 quod
1032 2165 1180 2199 Lainius
1208 2164 1437 2210 praepositus
1465 2163 1648 2207 generalis
1667 2165 1703 2197 et
1721 2162 1863 2196 Natalis
1884 2161 2052 2195 visitator

261 2223 355 2258 haud
383 2222 507 2268 procul
535 2221 714 2262 abessent,
743 2232 822 2254 cum
852 2231 985 2263 inagna
1013 2219 1123 2253 animi
1150 2219 1206 2253 sui
1234 2219 1487 2252 satisfactione
1515 2217 1659 2251 levatus
1686 2219 1764 2251 erat
1793 2216 1867 2260 (5);
1902 2226 1943 2249 ac
1971 2225 2050 2249 cum

261 2291 291 2312 a.
323 2278 413 2312 1563
451 2277 493 2311 de
528 2275 656 2309 iisdem
693 2274 857 2318 collegiis
884 2285 903 2307 a
931 2274 1119 2319 provincia
1148 2273 1365 2307 Germaniae
1402 2271 1597 2316 superioris
1634 2282 1782 2316 prorsus
1816 2267 2051 2312 seiungendis

261 2334 297 2366 et
324 2333 359 2366 in
386 2341 518 2365 novam
549 2329 793 2374 „provinciam
824 2328 1015 2362 Austriae“
1047 2326 1261 2371 colligendis
1288 2328 1478 2370 ageretur,
1512 2325 1670 2370 supremi
1698 2324 1942 2358 moderatores
1969 2333 2050 2356 eum

261 2387 356 2420 omui
384 2383 617 2431 provincialis
645 2383 764 2416 officio
791 2382 946 2416 liberare
979 2383 1015 2415 et
1042 2382 1232 2425 utriusque
1260 2380 1468 2425 provinciae
1501 2379 1844 2421 „commissariumffi
1872 2376 2050 2421 dignitate

261 2440 400 2485 ampla,
437 2450 544 2473 onere
581 2437 733 2479 exigno,
771 2436 992 2470 constituere
1028 2435 1249 2479 cogitabant.
1302 2434 1351 2468 At
1379 2434 1545 2469 Uanisius
1586 2432 1866 2475 „commissarii‘
1898 2431 2051 2465 honores

259 2494 467 2538 refugiebat
495 2492 581 2535 (289
609 2491 678 2525 2328
709 2490 839 2533 1041);
869 2502 985 2534 neque
1012 2493 1178 2534 repertus
1206 2491 1280 2529 est,
1309 2488 1369 2533 qui
1397 2489 1440 2522 ad
1470 2487 1690 2533 provinciam
1720 2486 1915 2530 regendam
1943 2487 2051 2530 aptus

261 2552 376 2583 esset:
414 2549 464 2581 ita
492 2547 568 2590 ipse
596 2546 629 2578 in
657 2547 844 2590 posterum
871 2556 1013 2588 quoque
1041 2543 1235 2578 Societatis
1271 2543 1398 2577 domus
1434 2544 1697 2586 augustanam,
1733 2541 1967 2584 diliuganam.
1999 2540 2049 2573 in—

260 2602 556 2645 golstadieusem,
592 2610 863 2639 monacensem,
901 2599 1178 2642 oenipontanam
1217 2609 1297 2631 cum
1335 2595 1531 2642 praepositi
1568 2595 1803 2641 provincialis
1831 2593 2049 2629 Germaniae

259 2656 455 2702 superioris
482 2652 624 2688 nomine
652 2653 908 2687 administrare
935 2653 1056 2686 iussus
1084 2654 1140 2686 est
1169 2651 1310 2694 (1042).

379 2710 432 2744 Ne
456 2709 521 2742 boc
549 2708 693 2752 quidem
721 2707 880 2741 officium
908 2707 1004 2741 curis
1032 2706 1256 2740 molestiisve
1286 2705 1449 2739 vacabat.
1496 2704 1653 2738 Pecunia
1681 2715 1789 2748 saepe
1817 2703 1942 2737 deerat
1962 2701 2046 2745 (253

260 2765 327 2798 274
355 2765 421 2797 411
444 2764 512 2797 437
533 2763 599 2797 691
630 2762 729 2804 707).
775 2761 964 2805 Epistulae
992 2760 1218 2804 negotiorum
1247 2760 1365 2803 gratia
1393 2758 1551 2803 scriptae
1581 2758 1673 2791 band
1703 2757 1754 2791 ita
1782 2768 1864 2791 raro
1892 2755 1950 2790 vel
1977 2767 2046 2789 non

260 2818 515 2855 tradebantur,
554 2815 610 2850 vel
638 2827 739 2855 sero,
769 2827 898 2858 magno
926 2814 1060 2859 pretio,
1089 2816 1236 2859 apertae
1263 2813 1507 2847 afferebantur
1536 2812 1621 2855 (488
1649 2812 1719 2846 501
1747 2812 1815 2845 536
1843 2811 1911 2844 549
1940 2809 2046 2850 572);

259 2875 368 2915 atque
397 2871 563 2906 Oanisius
589 2881 651 2903 eas
679 2881 935 2913 nonuunquam
955 2880 974 2902 a
998 2868 1121 2911 „falsis
1148 2867 1343 2901 fratribus“
1376 2865 1541 2910 intercipi
1569 2865 1825 2910 suspicabatur
1848 2863 1962 2907 (579).
2008 2864 2046 2897 In

261 2926 366 2960 urbes
402 2927 660 2967 augustanam,
698 2923 1042 2966 ingfflstadiensem,
1079 2932 1354 2959 monacensem,
1391 2920 1689 2964 oenipontanam,
1727 2919 1761 2953 in
1794 2918 1924 2963 quibus
1952 2916 2045 2951 Socii

260 2979 450 3023 degebant,
478 2977 685 3022 pestilentia
713 2977 849 3011 incidit.
902 2976 1089 3010 Erraverit
1117 2975 1279 3019 quidem,
1307 2975 1337 3009 si
1365 2974 1445 3018 quis
1474 2975 1566 3008 forte
1594 2976 1714 3018 putet.
1747 2972 1869 3007 Socios
1895 2972 1929 3006 in
1959 2970 2044 3005 Ger-

262 3033 380 3067 mania
416 3032 541 3076 primis
568 3032 624 3065 his
654 3031 895 3076 temporibus,
934 3030 1079 3075 perinde
1107 3042 1148 3064 ac
1176 3032 1301 3075 postea
1337 3029 1520 3068 solebant,
1558 3027 1601 3061 ad
1640 3027 1801 3061 homines
1838 3024 2045 3071 pestilentia

263 3087 448 3121 laborante
470 3085 704 3125 succurrisse,
733 3085 940 3129 multosque
959 3096 1082 3118 eorum
1102 3084 1135 3117 iu
1164 3083 1324 3127 aegrotis
1351 3082 1520 3117 curandis
1548 3081 1725 3125 gloriosas
1752 3079 1915 3114 caritatis
1943 3078 2045 3112 victi-

266 3152 341 3175 mas
368 3139 598 3179 occubuisse;
635 3138 724 3173 inssi
752 3141 873 3179 erant,
901 3138 1069 3183 quoniam
1099 3137 1204 3183 pauci
1232 3139 1335 3171 erant
1362 3139 1396 3170 et
1426 3137 1459 3170 in
1487 3135 1681 3170 Germania
1709 3145 1840 3178 magna
1867 3135 1944 3167 erat
1972 3143 2044 3166 ma-
