2182 3339
641 97 684 131 ll.
721 96 947 131 Prooemium
977 95 1171 130 voluminis
1198 95 1328 140 quarti.
1766 111 1878 139 χχχι

99 213 277 249 catholica
305 214 550 249 contineretur
579 214 694 257 (583).
740 214 790 248 Ac
818 213 977 258 quinque
1006 213 1088 248 illae
1120 214 1323 257 „reginae“,
1353 214 1568 248 Ferdinandi
1588 213 1614 247 I.
1643 213 1751 253 filiae,
1779 213 1883 248 Oeni-

99 270 206 313 ponte
225 268 442 306 habitantes,
469 268 566 303 sicut
592 279 732 302 omnem
752 268 898 302 Τῇ-011111
919 280 983 301 5110
1008 268 1089 302 fidei
1118 267 1318 302 catholicae
1345 268 1466 302 studio
1493 279 1630 312 suaque
1651 267 1683 301 in
1704 279 1882 313 pauperes

98 322 335 356 beneficentia
372 322 602 357 illustrabant
633 322 716 364 (767
746 322 853 366 945),
892 322 941 356 ita
977 322 1169 364 collegium
1207 322 1486 366 oenipontanum
1525 322 1674 365 eiusque
1706 322 1881 366 templum

99 376 213 411 sacris
240 377 462 411 ornamentis
493 376 647 420 aliisque
683 375 786 410 donis
822 387 935 421 paene
972 376 1172 410 obruebant
1201 376 1312 418 (174⁸J
1339 376 1408 410 454
1436 376 1505 410 582
1535 376 1601 410 767
1630 376 1728 419 945).
1782 375 1883 410 Unus

99 431 142 465 de
162 430 312 475 collegio
336 442 428 464 anno
459 430 548 465 1563
575 430 733 475 ipsarum
763 432 891 473 rogatu
911 441 932 463 a
951 429 1095 464 Canisio
1124 429 1329 464 destinatus
1348 432 1405 464 est
1423 430 1466 464 ad
1487 442 1607 464 earum
1637 431 1884 464 confessiones

101 484 333 530 excipiendas
359 485 443 527 (219
463 484 561 527 234).
605 483 834 527 lllagdalena,
862 486 948 517 natu
976 484 1135 517 maxima
1163 486 1198 517 et
1225 483 1446 528 reliquarum
1475 484 1578 528 quasi
1606 486 1731 526 mater,
1759 484 1884 518 eodem

101 550 192 573 anno
213 539 279 583 ipsi
301 538 442 573 Canisio
470 537 729 572 conscientiam
756 537 899 582 aperuit
919 536 1035 581 (228),
1063 548 1156 571 anno
1179 538 1270 572 1564
1289 549 1368 572 eum
1390 538 1432 571 de
1452 538 1588 583 pietate
1607 539 1651 573 ad
1670 550 1709 572 se
1727 549 1886 573 sorores-

101 604 170 636 que
197 592 434 626 disserentem
471 591 612 626 audivit
639 591 762 635 (948):
802 592 852 625 ita
889 591 1124 625 fundamenta
1160 592 1320 625 firmavit
1357 591 1512 626 eximiae
1550 592 1646 627 illius
1677 592 1886 626 sanctitatis

104 646 186 688 (581
222 646 449 689 766-769),
485 646 528 679 01)
565 657 692 689 quam,
729 657 899 690 processu
935 644 1152 689 episcopali,
1189 656 1295 688 quem
1323 647 1474 685 vocant,
1512 646 1682 680 Brixinae
1708 646 1885 684 absoluto,

100 702 241 734 aestate
276 711 307 733 a.
338 700 427 734 1905
464 711 485 733 a
513 699 575 733 Pio
604 699 645 733 X.
683 710 822 733 summo
861 699 1027 744 pontifice
1063 698 1160 732 dicta
1187 703 1244 733 est
1275 699 1544 741 „Venerabilis“
1576 702 1613 734 et
1638 700 1710 734 iam
1739 700 1781 734 de
1808 700 1886 733 eius

101 753 243 788 nomine
269 754 305 787 in
333 754 524 787 Beatorum
553 753 722 787 coelitum
751 753 870 787 album
900 752 1086 786 referendo
1113 752 1207 797 apud
1235 752 1357 787 sedem
1385 754 1622 798 apostolicam
1651 755 1782 797 agitur.

221 806 320 841 Haec
345 807 504 841 secunda
533 807 695 842 fuerunt:
725 807 795 840 alia
822 818 890 841 non
918 807 979 840 ita.
1023 806 1117 850 Lege
1144 807 1288 841 litteras
1315 807 1359 841 ab
1385 806 1540 841 Henrico
1562 808 1764 853 Blyssemio
1785 808 1818 843 S.
1841 809 1887 847 J..

102 860 243 904 collegii
262 861 451 906 pragensis
470 864 620 901 rectore,
639 861 682 895 ad
700 860 884 894 Canisium
903 860 1028 895 datas!
1057 862 1285 905 Quantopere
1305 860 1354 894 illi
1376 862 1633 905 premebantur
1652 874 1734 896 aere
1750 862 1885 896 alieno!

103 914 216 956 Quam
252 915 346 948 male
373 914 487 949 Sociis
519 917 555 949 et
591 914 858 949 convictoribus
894 914 1144 949 sustentandis
1180 914 1469 960 prospiciebatur
1499 915 1584 958 (250
1611 915 1718 960 283)!
1771 915 1887 949 Multa

102 968 196 1002 mala
216 967 389 1003 Societati
416 981 461 1003 ex
480 968 729 1003 Maximiliano
749 968 792 1002 ΙΙ.
820 968 1060 1004 timebantur:
1095 968 1261 1003 Canisius
1288 980 1369 1003 eum
1398 970 1587 1012 Augustae
1615 971 1815 1004 morantem
1842 981 1886 1003 ne

101 1022 261 1056 salutare
297 1022 458 1066 quidem,
494 1034 713 1067 quamquam
743 1034 764 1056 a
794 1022 916 1057 Lainio
944 1022 1149 1067 praeposito
1176 1022 1335 1066 generali
1364 1035 1434 1057 non
1461 1024 1573 1058 semel
1610 1023 1769 1058 monitus
1798 1026 1887 1064 erat,

102 1076 275 1111 audebat:
313 1077 401 1110 adeo
428 1076 567 1111 sciebat
593 1088 632 1111 se
659 1076 711 1110 illi
740 1088 809 1111 non
837 1088 917 1111 esse
944 1079 1089 1120 gratum
1120 1077 1157 1121 (3
1188 1077 1228 1111 15
1257 1077 1331 1120 25).
1385 1077 1473 1112 Cum
1501 1078 1544 1112 de
1571 1077 1683 1112 calice
1710 1076 1813 1111 laicis
1850 1077 1884 1110 in

103 1130 298 1164 Germania
324 1142 369 1164 ex
396 1131 577 1176 pontificis
605 1130 836 1165 concessione
872 1131 1114 1175 permittendo
1146 1133 1387 1173 tractaretur,
1424 1131 1620 1166 cardinalis
1648 1132 1886 1175 Augustanus

104 1183 287 1218 Canisium
307 1184 351 1218 ad
369 1185 664 1229 archiepiscopos
691 1184 831 1229 imperii
860 1184 1037 1219 electores
1056 1184 1180 1228 legare
1207 1185 1363 1226 volebat,
1390 1188 1431 1219 ut
1450 1197 1529 1219 eam
1549 1185 1823 1230 permissionem
1842 1185 1887 1219 iis

103 1238 349 1279 dissuaderet;
378 1238 525 1273 Lainius
553 1250 638 1273 vero
666 1239 896 1283 praepositus
923 1238 1105 1283 generalis
1133 1239 1318 1273 Canisium
1345 1239 1396 1273 ire
1424 1239 1551 1281 vetuit,
1580 1251 1623 1274 ne
1645 1239 1887 1273 Maximiliani

103 1292 244 1326 animus
271 1292 315 1327 ad
343 1293 493 1327 calicem
521 1293 747 1338 propendens
774 1292 1018 1326 offenderetur
1048 1292 1162 1336 (636).
1215 1294 1316 1327 Haec
1343 1294 1480 1335 omnia,
1509 1294 1602 1338 quod
1630 1294 1764 1336 sciam,
1792 1305 1888 1327 nova

103 1349 198 1380 sunt.
249 1346 303 1380 Ac
329 1346 612 1387 Maximilianus,
641 1358 721 1380 cum
748 1345 926 1391 imperare
959 1346 1159 1392 coepisset,
1195 1346 1329 1381 litteris
1357 1347 1500 1392 quidem
1529 1348 1572 1381 ad
1601 1347 1765 1382 Lainium
1794 1347 1889 1382 datis

103 1411 142 1434 se
170 1399 342 1434 societati
370 1400 562 1445 propitium
600 1400 676 1435 fore
708 1400 874 1445 promisit
903 1400 1025 1444 (694);
1063 1402 1101 1434 at
1126 1401 1225 1435 faeta
1261 1401 1339 1435 eius
1375 1413 1456 1435 cum
1492 1402 1598 1436 dictis
1633 1412 1889 1445 nonnunquam

106 1453 332 1499 discrepasse
358 1454 449 1488 satis
476 1457 600 1488 notum
628 1456 694 1488 est.

221 1508 334 1549 Addo,
363 1510 510 1542 exstare
529 1508 664 1542 Romae
690 1508 725 1542 in
754 1508 973 1542 bibliotheca
1000 1508 1205 1543 corsiniana
1233 1509 1406 1543 verbosas
1434 1509 1576 1544 litteras
1602 1510 1703 1555 typis
1731 1509 1889 1543 nondum

106 1572 280 1603 excusas,
315 1562 394 1596 sive
429 1562 681 1607 „responsiun‘
713 1562 757 1596 de
784 1562 891 1596 rebus
919 1574 937 1596 a
966 1562 1216 1597 Maximiliano
1244 1563 1308 1604 IL,
1345 1564 1375 1598 si
1403 1575 1423 1597 a
1449 1564 1620 1608 pontifice
1647 1564 1682 1598 in
1711 1563 1889 1606 dignitate

110 1616 226 1658 „regis
253 1615 515 1650 Romanorulm
557 1616 762 1651 confirmari
799 1616 929 1658 vellet,
966 1617 1195 1661 praestandis
1231 1617 1426 1662 scriptum,
1463 1618 1623 1652 auctoris
1649 1617 1793 1652 nomine
1818 1629 1886 1651 non

104 1670 274 1715 ascripto.
326 1669 426 1712 Quod
464 1682 676 1715 responsum
703 1670 762 1715 qui
800 1670 866 1704 sub
894 1682 925 1704 a.
956 1671 1045 1705 1885
1083 1671 1241 1709 invenit.
1278 1670 1338 1705 Dr.
1366 1672 1493 1716 Ioseph
1521 1673 1677 1715 Sehmid,
1713 1683 1783 1705 non
1809 1671 1888 1705 sine

103 1723 338 1765 dubitatione,
365 1724 426 1768 qui
452 1736 540 1759 vero
566 1727 648 1769 post
675 1736 756 1758 eum
783 1724 942 1769 scripsit,
969 1726 1012 1758 R.
1034 1726 1268 1770 Holtzmann,
1294 1726 1432 1770 absque
1456 1726 1697 1760 haesitatione
1717 1725 1889 1759 dixerunt

104 1788 125 1811 a
152 1776 295 1812 Canisio
323 1789 402 1812 esse
438 1779 689 1823 compositum.
743 1777 927 1812 Canisium
960 1790 1046 1812 vero
1073 1778 1201 1823 scripti
1228 1780 1412 1813 auctorem
1439 1792 1509 1813 non
1536 1791 1616 1813 esse
1643 1781 1742 1814 certo
1770 1778 1888 1813 evinci

105 1831 260 1865 arbitror
289 1831 428 1875 (1034).

226 1885 266 1918 ln
295 1885 449 1919 Bavaria
477 1884 639 1920 Societas
666 1885 747 1919 lesu
774 1884 831 1920 1115
866 1885 970 1919 annis
1005 1886 1159 1920 multum
1193 1886 1416 1931 proficiebat.
1460 1887 1634 1921 Albertus
1652 1887 1696 1922 V.
1725 1887 1798 1921 dux
1827 1886 1890 1921 Ca·

105 1938 237 1972 nisium
263 1951 327 1984 per
352 1939 505 1981 litteras,
532 1951 624 1983 quae
650 1951 745 1973 nunc
772 1940 806 1973 in
833 1939 950 1973 lucem
978 1940 1220 1984 proferuntur,
1249 1941 1438 1975 certiorem
1466 1941 1604 1976 effecit:
1633 1941 1767 1982 Socios,
1794 1941 1889 1986 quod

107 1992 290 2026 doctrinae
318 1993 488 2037 vitaeque
515 1993 693 2038 exemplis
719 1993 897 2027 Bavariae
925 2005 1095 2036 magnam
1132 1994 1329 2029 utilitatem
1357 1996 1548 2038 afferrent,
1584 1996 1653 2030 sibi
1680 1996 1889 2030 carissimos

106 2057 186 2080 esse
208 2046 322 2090 (439).
367 2047 607 2090 Collegiorum
633 2047 930 2091 ingolstadiensis
950 2050 986 2081 et
1004 2049 1232 2083 monacensis
1258 2049 1398 2084 reditus
1417 2052 1503 2083 sunt
1521 2049 1733 2095 amplificati
1754 2049 1887 2092 (lugol-

105 2099 214 2134 stadii
237 2101 272 2134 in
299 2100 453 2144 singulis
480 2101 593 2135 Sociis
620 2101 759 2135 alendis
786 2102 831 2136 50
858 2102 983 2136 floreni
1010 2103 1203 2146 quotannis
1230 2103 1536 2138 consumebantur
1564 2102 1690 2148 [126]).
1739 2104 1795 2137 Ad
1823 2103 1889 2138 hoc

106 2164 247 2198 quoque
278 2153 445 2189 Canisius
481 2155 606 2189 ducem
642 2156 842 2200 permovit,
879 2159 920 2190 ut
946 2168 976 2189 a.
1009 2156 1098 2190 1563
1136 2156 1192 2190 (110
1227 2157 1365 2191 Mariae
1402 2157 1545 2201 Virgini
1581 2158 1659 2192 sine
1696 2157 1776 2192 labe
1807 2169 1887 2192 con-

106 2210 233 2252 ceptae
259 2219 361 2242 511010
389 2209 516 2243 iisdem
544 2209 707 2252 collegiis
742 2209 878 2255 primas
906 2210 1008 2244 daret
1045 2210 1187 2245 litteras
1223 2211 1447 2246 fundationis
1477 2212 1559 2254 (371
1590 2212 1696 2251 382):
1735 2223 1886 2255 quarum

106 2273 151 2295 ex
187 2261 347 2296 fontibus
382 2263 589 2298 domesticis
625 2266 871 2298 extractarum
908 2264 1040 2298 saltem
1076 2267 1198 2310 partes
1232 2265 1374 2310 aliquas
1410 2266 1558 2311 proponi
1597 2266 1727 2300 debere
1764 2266 1886 2300 existi-

106 2315 203 2349 mavi
233 2314 348 2359 (939).
386 2316 617 2352 Monachium
644 2318 687 2352 ad
715 2318 907 2353 Societatis
935 2318 1218 2353 contionatorem
1245 2320 1462 2354 audiendum
1491 2319 1676 2365 complura
1702 2320 1886 2354 hominum

106 2368 205 2403 milia
241 2370 467 2405 confluebant
506 2371 616 2415 (4822
642 2372 748 2415 485):
786 2372 917 2406 ibidem
953 2373 1162 2417 provinciae
1199 2372 1414 2408 Germaniae
1450 2374 1648 2419 superioris
1684 2374 1888 2408 novici-atus

105 2423 183 2457 sive
209 2423 411 2458 tirocinium
447 2425 655 2460 incohatum
686 2425 800 2469 (938).
853 2426 1063 2471 Onuphrius
1089 2427 1307 2472 Perbinger,
1345 2440 1391 2462 ex
1427 2428 1631 2473 praecipuis
1667 2428 1769 2462 ducis
1805 2439 1887 2462 con-

105 2476 252 2511 siliariis
271 2477 510 2522 (aliquamdiu
530 2480 638 2514 etiam
658 2480 983 2515 confoederationis
1002 2481 1296 2525 landsbergensis
1312 2482 1552 2516 cancellarius
1566 2482 1665 2527 fuit),
1686 2485 1722 2516 et
1738 2483 1889 2517 loannes

107 2529 269 2565 Lonaeus
288 2532 447 2574 Boscius,
473 2533 674 2568 medicinae
700 2534 1048 2579 mathematicesque
1067 2535 1102 2569 in
1122 2535 1363 2570 universitate
1390 2536 1667 2579 ingolstadiensi
1694 2537 1888 2582 professor,

107 2584 150 2619 ob
176 2596 242 2619 sua
268 2585 303 2619 in
330 2586 452 2621 Socios
478 2587 634 2622 bavaros
661 2588 789 2622 merita
816 2600 836 2622 a
863 2588 1044 2623 Societate
1079 2590 1236 2624 omnium
1270 2590 1443 2624 bonorum
1470 2602 1616 2624 suorum
1642 2590 1888 2636 spiritualium

107 2638 302 2683 participes
329 2640 447 2674 effecti
477 2640 561 2684 (299
589 2642 656 2676 307
685 2642 784 2685 932).
828 2642 963 2676 Verum
991 2654 1035 2676 ne
1054 2642 1088 2676 in
1108 2643 1265 2678 Bavaria
1292 2643 1436 2688 quidem
1465 2643 1627 2678 Societas
1653 2644 1888 2678 incommodis

109 2692 273 2726 vacabat.
314 2693 525 2737 Ingolstadii
551 2694 619 2729 duo
639 2695 743 2735 Socii,
772 2695 887 2739 quiin
906 2696 1148 2731 universitate
1175 2697 1393 2741 theologiam
1422 2698 1625 2739 tradebant,
1653 2709 1768 2742 neque
1795 2698 1889 2732 inter

108 2755 146 2779 se
175 2745 257 2788 (441
296 2747 381 2791 513)
418 2759 535 2792 neque
571 2761 653 2784 cum
688 2749 838 2793 reliquis
874 2750 1142 2794 professoribus
1177 2762 1301 2796 pacem
1338 2751 1537 2786 servabant
1564 2750 1648 2795 (177
1686 2752 1755 2786 684
1783 2752 1886 2796 777);

108 2799 245 2833 moneri
272 2811 332 2834 eos
357 2812 421 2846 per
455 2803 680 2848 praepositos
708 2803 899 2838 Societatis
934 2804 1111 2849 oportuit,
1148 2816 1191 2838 ne
1218 2805 1325 2839 facile
1361 2817 1580 2849 quemquam
1620 2805 1884 2848 „haereticum“

109 2851 287 2895 dicerent,
323 2865 415 2888 neve
441 2855 475 2889 in
504 2856 719 2901 disputando
756 2857 1005 2892 immodestius
1031 2858 1089 2892 vel
1118 2870 1244 2903 parum
1281 2858 1465 2893 moderate
1492 2870 1530 2893 se
1557 2861 1725 2902 gererent
1754 2860 1816 2903 (14
1844 2860 1888 2894 38

111 2906 176 2940 129
208 2907 339 2950 3831);
376 2908 444 2943 hoc
478 2920 620 2954 quoque
656 2910 770 2945 Sociis
804 2911 1151 2955 ingolstadiensibus
1187 2913 1476 2947 commendatum
1514 2917 1588 2956 est,
1622 2916 1663 2948 ut
1698 2914 1817 2959 potius
1853 2915 1887 2948 in

107 2959 358 2996 universitatis
375 2962 606 2998 offensionem
625 2964 859 3005 incurrerent,
880 2976 986 3009 quam
1005 2966 1056 3000 ita
1074 2977 1183 3011 saepe
1202 2978 1280 3000 cum
1302 2966 1566 3011 professoribus
1585 2970 1752 3012 potarent
1772 2968 1886 3012 (149).

108 3013 163 3048 Ex
181 3013 296 3049 altera
322 3018 425 3060 parte
443 3016 642 3063 Staphylus
660 3021 697 3052 et
715 3018 920 3060 Clenckius,
947 3019 1105 3062 theologi
1126 3032 1171 3054 ex
1194 3020 1456 3055 lutheranismo
1482 3021 1660 3063 conversi,
1687 3022 1887 3057 sententias

109 3068 283 3110 quasdam
301 3069 483 3112 tenebant,
511 3081 602 3114 quae
621 3083 700 3106 cum
728 3072 945 3106 auctoritate
971 3073 1102 3107 summi
1129 3073 1310 3118 pontificis
1329 3073 1458 3108 aliisve
1485 3074 1669 3109 doctrinae
1688 3075 1887 3110 catholicae

108 3121 288 3166 capitibus
313 3124 411 3157 stare
436 3134 542 3168 posse
562 3123 676 3159 Sociis
703 3137 770 3159 non
798 3126 1015 3161 videbantur
1044 3127 1104 3171 (15
1131 3128 1177 3163 50
1207 3129 1272 3162 167
1303 3128 1398 3171 177).
1442 3128 1529 3162 111ᾱο
1556 3129 1754 3164 animorum
1783 3141 1885 3164 aver-
