2182 3339
546 5 850 48 wear-*vav
889 15 1025 54 um,
1070 20 1215 59 »faa-42

609 111 650 145 ll.
693 111 916 145 Prooemium
948 110 1141 144 voluminis
1168 110 1299 154 quarti.
1715 125 1849 153 xxvu

62 229 107 263 Hi
146 229 289 273 legant,
330 240 485 273 quaeso,
526 240 618 272 quae
650 227 826 262 l‘olancus
857 227 1028 260 ΤΙ-11101110
1069 227 1112 261 ad
1145 227 1331 261 Canisium
1372 226 1521 261 scribit:
1559 226 1781 260 Ret'orn'iatio
1809 227 1854 261 ab

64 283 230 318 omnibus
256 283 485 317 desideratur
515 281 616 325 (140)
646 284 681 315 et
708 281 815 315 valde
843 283 899 315 est
925 281 1082 325 optanda
1113 281 1197 322 (196
1224 281 1323 320 206).
1370 280 1406 313 111
1441 279 1624 321 „articulis
1652 280 1852 314 reformati-

61 337 158 371 onis‘
190 336 383 380 gallicanis
419 335 534 370 multa
570 336 660 370 bene
696 335 864 369 (licuntur
901 338 936 368 et
973 334 1205 379 postulantur
1246 335 1335 377 (15).
1388 333 1535 368 Lainius
1563 333 1754 368 ecclesiam
1790 346 1854 379 per

62 391 267 436 pontificem
295 403 364 424 non
402 390 558 424 decretis
594 391 759 428 tantum,
796 389 859 423 sed
895 389 1004 422 etiam
1042 388 1268 422 decretorum
1298 388 1511 422 executione
1538 389 1726 422 reformari
1755 389 1855 433 cupit

66 446 165 488 (45);
204 445 296 479 idem
325 456 344 478 a
372 445 472 478 curia
503 444 651 486 „bonam
681 443 838 486 aliquam
868 442 1181 476 reformationem
1214 442 1483 486 promulgatum
1512 442 1555 476 iri
1581 444 1723 487 sperat:
1762 454 1853 486 quae

63 499 202 533 utinam
230 511 274 533 ne
302 499 424 532 verbis
450 500 591 532 tantum
620 498 683 531 fiat
713 498 773 535 (45
793 497 859 531 221
883 497 982 539 233).
1027 496 1078 530 De
1110 496 1324 539 „abusibus“
1355 496 1398 530 ad
1427 498 1696 530 sacramentum
1718 496 1854 531 ordinis

63 553 314 598 spectantibus
333 552 480 586 Lainius
511 553 564 585 16.
587 551 676 585 Iunii
706 551 796 585 1563
826 562 888 595 per
915 550 1005 584 <luas
1032 550 1140 584 horas
1167 550 1218 584 ita
1245 550 1342 587 dicit.
1373 552 1412 584 ut
1437 550 1544 584 simul
1568 550 1851 585 contionatorem

64 609 151 650 agat
183 610 220 640 et
255 606 439 650 aliquibus
476 605 582 639 bilem
620 607 765 638 moveat.
795 604 880 646 (268
908 604 1007 647 285).
1060 604 1098 638 111
1125 605 1409 647 congregatione
1437 603 1598 647 generali
1625 604 1657 639 2.
1685 603 1855 639 Octobris

66 661 157 695 1564
202 660 325 694 habita
360 660 453 693 idem
490 659 636 693 Lainius
672 671 735 703 per
771 659 913 702 wlf—3
950 658 1057 692 horas
1093 661 1276 699 recenset,
1315 670 1406 702 quae
1443 658 1673 692 reformanda
1708 659 1783 693 sint
1818 658 1852 692 in

64 713 253 759 pontifice,
282 713 545 754 cardinalibus,
574 712 771 758 episcopis,
799 713 1001 751 canonicis,
1029 712 1207 757 parochis
1235 712 1344 746 simul
1372 713 1515 746 ordines
1542 712 1732 756 religiosos
1759 724 1853 747 com-

64 768 256 808 mendans,
294 767 575 802 universitatum
604 766 865 800 catholicarum
902 766 1094 811 privilegia
1122 766 1339 808 defendens,
1375 777 1501 800 sacrae
1529 766 1775 810 inquisitionis
1802 766 1853 800 os-

65 822 186 856 11011111]
223 821 376 855 laudans
405 820 641 865 (343—346).
694 820 822 854 Patres
849 819 1002 861 concilii,
1030 820 1082 854 ait
1109 820 1309 857 Polancus,
1346 820 1538 865 plurimum
1572 820 1738 855 laborant
1766 820 1852 865 (212

66 875 136 909 ⁴224
163 875 227 909 291
259 876 343 918 313)
374 878 410 909 ct
436 878 582 919 praeter
609 874 910 918 congregationes
938 874 1129 917 generales
1156 874 1291 908 multas
1318 874 1451 908 habent
1475 874 1779 919 „particulares“;
1808 876 1851 909 ad

65 928 130 963 has
155 928 303 963 Lainius
330 931 366 962 et
385 928 570 962 Salineron
599 940 707 973 saepe
735 931 970 962 arcessuntur
1000 928 1085 970 (267
1113 928 1183 962 284
1210 928 1278 963 285
1307 928 1376 962 294
1403 928 1502 971 326).
1540 928 1762 969 Cardinales,
1790 929 1851 973 qui

64 982 216 1017 concilio
243 985 426 1027 praesunt.
454 982 646 1016 eorundem
675 993 784 1026 opera
811 981 964 1015 multum
993 983 1145 1015 utuntur
1174 981 1258 1024 (139
1290 982 1354 1016 149
1386 982 1451 1015 179
1479 982 1551 1016 292
1578 983 1677 1024 295).
1716 982 1853 1016 Multos

64 1037 251 1081 episcopos
278 1036 386 1070 iidem
413 1036 599 1077 adiuvant,
626 1047 696 1080 quo
720 1035 849 1069 melius
875 1036 1078 1069 sententias
1105 1036 1225 1069 ferant
1246 1035 1360 1080 (268).
1405 1035 1575 1070 Difficilis
1602 1036 1664 1070 illa
1684 1036 1850 1071 (16111115-

65 1089 232 1124 dictionis
272 1090 488 1135 episcopalis
528 1090 665 1132 origine
705 1089 870 1133 quaestio
910 1091 993 1134 post
1031 1089 1208 1134 plurimas
1248 1089 1514 1134 disputationes
1542 1089 1666 1124 Lainio
1705 1093 1853 1125 auctore

65 1143 245 1178 omittitur
275 1144 359 1187 (173
387 1144 454 1178 276
483 1143 553 1178 284
578 1144 677 1186 291).
723 1145 752 1177 Α
771 1143 923 1177 delectis
950 1143 1115 1188 patribus
1142 1144 1326 1178 decretum
1355 1144 1399 1178 de
1416 1144 1620 1178 seminariis
1640 1137 1852 1179 clericorum

65 1197 299 1232 instituendis
327 1198 370 1232 iis
396 1197 518 1231 verbis
544 1197 764 1242 concipitur,
799 1197 929 1241 quibus
957 1198 1065 1231 etiam
1095 1197 1257 1232 Societas
1285 1199 1365 1232 lesu
1393 1198 1436 1232 ad
1464 1198 1654 1243 pecuniam
1682 1198 1718 1232 in
1745 1198 1854 1233 semi-

64 1252 167 1286 naria.
193 1252 488 1286 contribuendam
518 1251 706 1295 adigatur;
739 1251 887 1285 Lainius
914 1263 952 1285 re
980 1255 1164 1296 comperta
1192 1252 1402 1293 intercedit:
1431 1252 1544 1296 legati
1571 1253 1756 1296 negotium
1785 1253 1853 1286 iam

65 1305 271 1340 absolutum
298 1305 413 1340 denuo
432 1306 490 1350 agi
518 1306 661 1340 iubent:
691 1306 835 1339 tandem
856 1305 969 1339 Sociis
996 1305 1229 1350 permittitur,
1250 1309 1389 1351 partem
1409 1306 1508 1340 illam
1530 1306 1677 1347 decreti,
1704 1309 1746 1340 ut
1763 1306 1853 1351 ipsis

67 1360 184 1394 visum
213 1360 280 1401 sit,
317 1361 506 1404 concipere
535 1360 620 1403 (285
649 1359 747 1402 293).
791 1359 970 1393 Permulti
997 1359 1155 1404 episcopi
1183 1360 1378 1394 seminaria
1405 1372 1471 1394 sua
1496 1360 1667 1395 Societati
1695 1360 1855 1404 regenda

65 1413 208 1447 tradere
235 1416 403 1448 statuunt
430 1413 515 1457 (286
544 1414 644 1455 290).

186 1467 252 1502 Est
286 1467 357 1502 alia
392 1468 510 1513 opinio
546 1480 660 1511 eaque
695 1467 899 1512 aliquorum
937 1467 1089 1508 animis,
1122 1467 1208 1502 licet
1246 1468 1315 1513 ipsi
1350 1468 1507 1502 fortasse
1544 1480 1623 1502 eam
1660 1480 1704 1502 ne.
1740 1468 1851 1502 anim-

67 1520 262 1556 advertant
287 1521 442 1566 quidem,
470 1521 650 1556 insidens:
678 1522 719 1555 In
745 1521 896 1555 concilio
923 1521 1118 1555 tridentino
1145 1521 1264 1556 omnia
1291 1534 1336 1556 ex
1358 1523 1571 1557 lesuitarum
1602 1522 1750 1557 arbitrio
1770 1524 1852 1557 acta

66 1586 163 1616 esse,
200 1579 331 1609 cuncta
359 1587 402 1609 ex
439 1576 597 1620 ipsorum
626 1575 814 1609 voluntate
841 1575 1056 1620 pependisse
1083 1577 1225 1620 putant.
1276 1576 1426 1611 Minime
1453 1577 1503 1610 ita
1529 1578 1627 1611 erat!
1679 1577 1854 1611 Doctrina

67 1629 109 1663 de
143 1628 347 1663 hierarchia
373 1629 622 1664 ecclesiastica
648 1629 790 1669 verbis,
824 1641 916 1673 quae
943 1629 1067 1663 Lainio
1095 1641 1163 1663 non
1191 1630 1271 1664 visa
1298 1633 1403 1664 erant
1428 1631 1563 1676 optima
1590 1642 1688 1672 esse,
1724 1642 1745 1664 a
1772 1642 1852 1665 con-

66 1682 147 1716 cilio
174 1683 357 1728 proposita
384 1687 440 1717 est
469 1684 552 1723 (267
581 1684 680 1726 290).
724 1684 893 1718 Potestas
914 1683 1085 1717 visitandi
1112 1685 1300 1728 episcopos
1324 1685 1583 1728 suffraganeos,
1611 1696 1719 1729 quam
1738 1684 1853 1719 archi-

67 1736 228 1781 episcopi
264 1737 485 1778 habuerant,
523 1737 714 1771 admodum
742 1739 899 1780 angusta
935 1737 1033 1772 facta
1061 1740 1134 1779 est,
1171 1737 1295 1772 Lainio
1322 1738 1357 1772 in
1383 1738 1529 1784 publica
1555 1738 1663 1773 etiam
1691 1739 1853 1773 sessione

67 1792 192 1824 contra
218 1791 359 1825 dicente
381 1791 466 1834 (390
486 1791 585 1834 392).
621 1791 853 1825 Matrimonia
879 1791 1104 1826 clandestina
1131 1792 1230 1826 iussa
1257 1794 1343 1826 sunt
1368 1792 1472 1826 irrita.
1500 1804 1590 1833 esse,
1618 1792 1742 1826 Lainio
1770 1804 1852 1827 cum

66 1843 147 1878 aliis
167 1844 256 1879 viris
282 1845 512 1888 gravissimis
531 1846 568 1879 et
593 1844 877 1889 religiosissimis
896 1845 1142 1887 vehementer,
1169 1846 1232 1880 sed
1260 1847 1396 1880 frustra
1414 1846 1618 1881 reluctante
1647 1847 1732 1890 (327
1753 1846 1851 1888 389).

67 1896 135 1939 Qui
165 1899 242 1932 tum
269 1898 305 1932 in
333 1898 400 1932 hac
427 1899 692 1940 controversia,
728 1901 805 1932 tum
833 1899 923 1933 alias
950 1899 1080 1934 falsam
1107 1899 1207 1933 illam
1235 1899 1438 1945 opinionem
1465 1901 1706 1945 sequebatur,
1743 1912 1852 1945 quam

67 1953 194 1995 postea
219 1951 254 1985 in
281 1952 510 1986 oecumenico
537 1952 688 1986 concilio
707 1953 874 1987 vaticano
893 1952 1004 1997 aliqui
1031 1953 1304 1988 infallibilitatis
1331 1955 1538 1999 pontificiae
1565 1954 1764 1989 definitioni
1793 1956 1851 1989 ob-

67 2005 281 2040 tenderunt:
309 2006 544 2050 Dogmaticas
571 2006 797 2041 definitiones
815 2007 893 2041 fieri
911 2019 980 2041 non
1000 2019 1106 2052 posse
1124 2008 1195 2042 nisi
1214 2008 1274 2042 vel
1292 2008 1458 2043 omnibus
1476 2009 1640 2053 patribus
1660 2009 1719 2043 vel
1737 2020 1852 2054 paene

67 2058 232 2093 omnibus
260 2060 569 2095 consentientibus
597 2060 684 2104 (284
711 2060 780 2095 286
807 2061 873 2095 291
903 2061 1001 2104 390).
1054 2061 1242 2096 Salmeron
1269 2064 1410 2104 autem,
1446 2063 1562 2096 Lainii
1589 2063 1731 2104 socius,
1769 2075 1854 2097 cum·

68 2112 249 2157 pontificis
267 2113 367 2147 iussu
387 2113 500 2148 Roma
519 2114 731 2148 Tridentum
750 2115 911 2149 venisset
936 2115 1058 2160 ibique
1078 2116 1237 2160 theologi
1265 2116 1440 2161 pontificii
1458 2128 1607 2151 munere
1625 2117 1852 2161 fungeretur,

67 2177 88 2199 a
115 2166 212 2200 curia
232 2178 379 2201 romana
397 2167 558 2202 Tridenti
587 2168 674 2202 adeo
693 2180 763 2202 non
782 2171 838 2203 est
864 2169 1010 2204 habitus
1036 2169 1144 2212 laute,
1172 2173 1213 2204 ut
1239 2170 1448 2215 episcopum
1467 2170 1626 2215 aliquem
1652 2170 1850 2205 lusitanum

67 2220 198 2265 stipem
226 2221 357 2255 addere
384 2233 533 2256 necesse
561 2225 668 2263 esset,
696 2234 740 2256 ne
767 2223 895 2257 doctus
922 2223 982 2257 ille
1009 2223 1067 2258 vir
1093 2225 1249 2258 esuriret
1278 2225 1393 2268 (972).

161 2274 217 2309 Ab
253 2275 321 2309 hoc
347 2276 562 2310 relationum
599 2288 731 2320 genere
770 2276 866 2311 haud
892 2277 1045 2312 multum
1074 2278 1245 2313 differunt
1271 2279 1435 2320 litterae,
1464 2290 1555 2324 quas
1583 2278 1848 2324 Guelpherbyti

70 2327 365 2373 (Wolfenbnttel)
394 2330 426 2363 in
455 2329 674 2364 bibliotheca
701 2331 831 2364 ducum
858 2331 1174 2366 brunsvicensium
1194 2332 1328 2367 inveni.
1371 2332 1504 2367 Narrat
1524 2332 1714 2374 Polancus,
1742 2344 1849 2377 quam

66 2381 122 2426 pie
149 2382 324 2417 Hercules
351 2383 544 2418 cardinalis
573 2383 754 2427 Gonzaga,
782 2385 972 2430 episcopus
999 2388 1218 2420 mantuanus
1246 2388 1282 2421 et
1308 2387 1449 2421 concilii
1475 2387 1664 2421 tridentini
1691 2398 1850 2432 praeses,

67 2435 229 2471 Tridenti
263 2436 357 2471 inter
391 2438 601 2478 concilium,
637 2449 658 2472 a
686 2438 808 2473 Lainio
845 2439 1086 2474 eucharistiae
1120 2442 1156 2474 et
1191 2443 1377 2475 extremae
1405 2441 1586 2475 unctionis
1611 2441 1852 2475 sacramentis

67 2488 247 2530 munitus,
286 2493 438 2525 mortem
475 2491 620 2532 obierit,
658 2492 700 2526 ad
739 2503 844 2536 quam
874 2504 913 2526 se
940 2504 1082 2527 summa
1114 2493 1149 2527 in
1186 2505 1364 2539 pauperes
1392 2494 1655 2540 religiososque
1685 2495 1851 2529 homines

66 2541 285 2577 liberalitate
312 2547 348 2578 et
374 2545 522 2588 egregia
549 2545 779 2591 episcopatus
806 2546 860 2580 sui
888 2558 974 2581 cura
1001 2550 1198 2592 paraverat
1227 2548 1344 2591 (107).

187 2598 218 2631 2.
247 2597 326 2631 Una
353 2609 398 2632 ex
425 2599 555 2639 causis,
583 2600 729 2643 quaein
756 2600 906 2634 concilio
933 2601 1128 2635 tridentino
1155 2601 1261 2636 enixe
1288 2602 1531 2646 agitabantur,
1559 2602 1744 2637 concessio
1771 2606 1851 2637 erat

69 2651 416 2686 communionis
448 2652 531 2686 sub
564 2656 773 2697 utraque
805 2654 971 2699 specie
997 2666 1018 2688 a
1045 2655 1148 2689 laicis
1174 2655 1372 2690 faciendae.
1417 2658 1536 2700 Atque
1556 2656 1622 2690 hac
1642 2657 1676 2690 in
1695 2668 1734 2690 re
1753 2656 1848 2690 lectu

68 2703 301 2748 dignissimae
327 2708 412 2740 sunt
438 2706 602 2748 litterae,
643 2708 774 2751 quibus
802 2707 988 2749 Canisius,
1026 2720 1046 2743 a
1073 2709 1256 2743 cardinale
1284 2710 1394 2744 Hosio
1430 2711 1648 2744 sententiam
1687 2713 1850 2753 rogatus.

67 2757 122 2792 21.
151 2758 287 2803 Aprilis
316 2760 407 2794 1564
434 2761 621 2806 exposuit:
656 2761 701 2795 Se
727 2762 846 2805 magis
872 2764 1062 2807 magisque
1089 2763 1292 2798 confirmari
1320 2764 1355 2797 in
1384 2776 1435 2805 eo,
1463 2764 1556 2808 quod
1588 2764 1690 2810 „plus
1716 2764 1849 2799 incom-

68 2811 161 2845 modi
188 2814 225 2845 et
250 2813 400 2857 periculi
427 2815 596 2860 accersirj
624 2816 856 2850 concessione
884 2816 1015 2851 Calicis
1042 2828 1150 2861 quam
1177 2818 1424 2852 recusatione⁴⁴
1455 2820 1619 2853 censeret
1646 2819 1730 2862 (150
1752 2818 1848 2862 186).

68 2865 185 2909 Atque
215 2866 255 2899 11
284 2867 359 2901 fere
386 2868 570 2903 mensibus
597 2871 697 2914 post,
735 2869 885 2904 concilio
912 2870 983 2904 iam
1014 2870 1199 2911 absoluto,
1236 2870 1387 2905 Romam
1415 2872 1459 2906 ad
1488 2872 1651 2906 Lainium
1679 2872 1848 2917 scripsit:

66 2918 175 2960 Fore,
203 2923 243 2954 ut
268 2920 434 2955 catholici
462 2922 498 2956 in
526 2922 719 2957 Germania
746 2924 977 2958 concessione
1004 2925 1097 2958 sacri
1126 2924 1250 2959 calicis
1275 2937 1346 2959 non
1373 2925 1653 2967 adiuvarentur,
1680 2926 1743 2961 sed
1771 2938 1848 2971 per-

66 2973 299 3008 turbarentur
320 2975 440 3019 (510);
469 2976 707 3017 condiciones,
735 2988 827 3021 quae
854 2978 1076 3012 concessioni
1100 2978 1153 3012 illi
1177 2991 1246 3013 non
1273 2982 1422 3023 possent
1447 2992 1517 3014 non
1545 2980 1703 3024 adiungi,
1731 2992 1849 3024 neque

66 3038 87 3060 a
105 3028 353 3063 sacerdotibus
379 3041 496 3074 neque
514 3041 535 3064 a
564 3030 668 3065 laicis
695 3033 880 3065 servatum
908 3033 952 3066 iri
973 3032 1087 3076 (480).
1133 3032 1380 3067 Car-dinalinm
1407 3045 1550 3078 quoque
1575 3035 1735 3068 maxima
1763 3046 1848 3079 pars

66 3092 87 3115 a
113 3081 226 3116 calice
259 3082 433 3117 laicorum
469 3087 547 3118 erat
582 3084 700 3119 aliena
729 3084 813 3129 (467
849 3086 949 3129 482).
1001 3087 1174 3120 Attamen
1210 3086 1298 3121 Pius
1325 3086 1404 3128 IV.,
1441 3088 1642 3133 principum
1679 3088 1849 3133 precibus

66 3134 264 3179 fatigatus,
300 3148 346 3170 m.
375 3137 489 3181 Aprili
520 3139 610 3172 1564
638 3138 855 3173 Germaniae
890 3139 1037 3174 calicem
1076 3140 1274 3182 concessit,
1311 3140 1370 3175 vel
1405 3142 1525 3186 potius
1560 3142 1628 3176 hoc
1662 3141 1849 3187 plerisque
