2182 3339
267 111 423 140 XXVIII
816 94 859 128 Π.
895 93 1126 128 Prooemium
1151 93 1348 128 voluminis
1375 94 1507 138 quarti.

267 215 483 250 Germaniae
511 213 701 259 episcopis,
727 225 851 247 eorum
882 212 1144 255 „conscientias
1171 211 1386 253 onerand0“‚
1414 212 1589 257 permisit,
1616 215 1667 253 ut,
1695 213 1725 247 si
1744 213 1814 258 ipsi
1831 226 1908 248 rem
1935 226 2058 249 neces-

266 269 401 304 sariam
428 268 488 302 vel
515 268 712 302 salutarem
736 279 818 301 esse
845 266 1089 309 iudicassent,
1126 265 1251 301 calicis
1278 265 1446 300 fidelibus
1472 267 1669 312 praebendi
1695 270 1914 313 potestatem
1941 280 2061 303 sacer-

267 323 411 357 dotibus
437 322 642 356 tribuerent
662 321 778 365 (575).
822 321 878 355 Ad
897 321 990 355 hanc
1017 332 1093 354 rem
1120 319 1288 365 copiosus
1315 319 1377 354 ille
1404 321 1688 356 commentarius
1715 324 1868 367 spectat,
1897 334 2003 367 quem
2023 323 2059 357 in

266 377 426 411 tenebris
444 376 629 422 sepultum
644 376 686 410 R.
701 375 740 410 P.
757 376 974 409 Bet-nardus
993 375 1101 408 Duhr
1115 373 1150 408 S.
1166 374 1199 408 J.
1219 386 1334 418 nuper
1348 374 1532 410 Monachii
1551 376 1585 409 in
1607 375 1756 410 archivo
1774 377 1878 420 regni
1895 377 2060 411 bavarici

267 430 408 466 invenit
425 432 535 474 atque
555 442 621 474 ego
640 429 718 475 ipso
738 431 907 463 monente
933 428 1038 462 modo
1066 427 1209 471 evulgo.
1242 427 1430 462 Indixerat
1457 429 1752 475 archiepiscopus
1778 430 2062 474 salisburgensis

267 485 445 530 synodum
466 484 649 528 quandam
668 483 940 529 provincialem,
960 483 996 516 in
1015 493 1088 527 qua
1107 493 1188 516 cum
1207 481 1388 527 episcopis
1407 482 1660 527 suffraganeis,
1689 495 1759 528 qua
1778 484 1917 519 ratione
1937 484 2062 519 calicis

267 550 354 573 usus
374 539 409 572 in
427 538 601 584 populum
619 538 845 572 inducendus
864 539 971 579 esset,
992 537 1220 571 deliberaret.
1262 536 1314 570 Re
1332 536 1521 571 intellecta
1540 537 1626 572 Otto
1645 537 1848 573 Truchsess
1867 538 2062 573 cardinalis

267 594 304 626 et
321 592 513 637 episcopus
540 594 779 635 augustanus,
807 591 852 625 ab
872 602 914 624 ea
941 590 1174 624 concessione
1201 588 1412 631 abhorrens,
1438 590 1564 625 Ioanni
1584 591 1717 625 Pfister
1744 591 1916 626 canonico
1942 592 2061 627 frisin-

267 646 371 689 gensi
399 648 435 680 et
461 645 668 680 consiliario
696 657 760 679 suo
787 644 995 686 mandavit,
1032 646 1073 678 ut
1098 643 1241 678 nomine
1268 654 1333 678 suo
1361 645 1396 677 et
1423 645 1545 679 verbis
1572 648 1609 679 et
1634 646 1783 691 scriptis
1810 645 2062 692 episcoporum

265 700 409 734 illorum
437 700 577 734 animos
603 711 624 734 a
652 699 765 734 calice
792 701 960 733 avertere
986 698 1170 739 studeret;
1198 697 1293 742 quod
1319 709 1390 742 quo
1418 698 1547 733 melius
1571 710 1592 733 a
1618 699 1775 734 Pfistero
1802 701 2061 745 praestaretur,

268 754 436 789 Canisius
466 754 788 798 „1nstructionem“
821 754 853 787 ei
879 752 978 787 misit
1009 754 1208 794 secretam,
1247 763 1318 796 qua
1345 753 1607 788 communionis
1634 754 1701 788 sub
1729 765 1800 788 una
1826 754 1947 799 specie
1973 765 2062 789 usus

267 809 460 853 diligenter
486 809 787 854 propugnabatur
813 810 868 849 et,
905 819 950 841 ue
978 806 1182 841 communio
1208 806 1275 840 sub
1303 807 1459 850 utraque
1496 808 1616 852 specie
1642 808 1678 842 in
1706 808 1932 854 provinciam
1959 808 2062 843 salis-

266 864 486 907 burgensem
512 863 763 904 induceretur,
795 861 921 896 multis
947 860 1149 895 rationibus
1177 860 1458 895 dissuadebatur
1486 860 1729 907 (623—632);
1768 865 1804 896 et
1829 874 1910 897 cum
1938 862 2064 897 calicis

266 917 410 963 patroni
445 917 556 952 etiam
592 915 798 962 exemplum
834 916 1054 950 Iesuitarum
1093 914 1435 956 vindobonensimn,
1473 915 1533 960 qui
1566 916 1602 950 in
1638 928 1704 951 suo
1739 916 1874 962 templo
1911 916 2062 951 calicem

267 971 472 1017 coepissent
498 971 764 1012 administrare,
790 970 1041 1016 protulissent,
1070 968 1237 1003 Canisius
1263 981 1327 1014 per
1346 969 1543 1004 Pfisterum
1562 970 1724 1015 aliosque
1744 970 1878 1006 amicos
1898 970 2061 1005 dissemi-

266 1026 423 1060 nandam
461 1025 605 1060 curavit
640 1025 855 1059 relationem
883 1044 926 1048 —
954 1024 1045 1058 haec
1081 1026 1117 1057 et
1151 1023 1232 1068 ipsa
1267 1035 1364 1057 nunc
1400 1024 1555 1069 primum
1591 1024 1785 1059 excuditur
1810 1045 1867 1067 —‚
1904 1036 1975 1069 qua
2001 1037 2062 1059 ex-

267 1080 487 1125 ponebatur:
514 1079 750 1114 Vindobonae
778 1079 924 1121 Socios,
952 1081 993 1112 ut
1019 1077 1178 1123 episcopi
1206 1077 1316 1112 iussis
1343 1077 1657 1123 obtemperarent,
1685 1090 1764 1113 eam
1791 1079 2061 1114 concessionem

267 1134 520 1180 promulgasse
547 1136 584 1168 et
610 1133 835 1179 explicasse;
872 1133 934 1167 sed
963 1144 1008 1166 ne
1036 1131 1097 1166 uni
1124 1131 1269 1176 quidem
1305 1143 1451 1166 sacrum
1488 1132 1639 1167 calicem
1667 1133 1712 1167 ab
1738 1133 1784 1168 iis
1810 1133 1934 1167 datum
1962 1144 2062 1175 esse3

266 1200 351 1223 nam
370 1199 485 1233 usque
503 1188 547 1222 ad
568 1188 602 1222 id
624 1191 768 1233 tempus
794 1187 976 1222 neminem
1003 1186 1260 1231 comparuisse,
1289 1186 1350 1230 qui
1370 1187 1414 1220 ad
1433 1186 1662 1221 condiciones
1689 1198 1710 1221 a
1727 1187 1898 1232 pontifice
1924 1187 2063 1232 positas

268 1242 486 1277 descendere
522 1242 635 1277 vellet
664 1242 780 1286 (633).
832 1242 982 1276 Austria
1019 1240 1169 1275 calicem
1206 1240 1365 1285 sumpsit
1393 1240 1480 1283 (590
1507 1241 1615 1285 607),
1653 1252 1780 1275 verum
1816 1241 1912 1276 haud
1948 1241 2063 1276 multo

267 1298 350 1342 post
377 1299 531 1331 eventus
558 1296 747 1342 probavit,
774 1295 961 1331 Canisium
987 1297 1087 1329 recte
1113 1294 1284 1335 sensisse,
1312 1306 1393 1328 cum
1417 1295 1470 1329 12.
1490 1295 1573 1329 Iulii
1603 1296 1696 1331 1564
1714 1295 1840 1330 Lainio
1866 1295 2063 1330 scriberet:

270 1351 324 1385 Ea
350 1351 583 1385 concessione
615 1350 784 1394 „furiosis
811 1349 928 1384 ueluti
954 1349 1116 1393 gladium
1145 1359 1226 1382 esse
1253 1348 1398 1383 datum“
1433 1349 1549 1393 (590).

389 1405 610 1440 Prudentius
647 1407 768 1439 actum
807 1407 863 1439 est
889 1405 924 1438 in
952 1403 1122 1438 Bavaria.
1175 1403 1326 1437 Ineunte
1363 1404 1507 1448 quidem
1536 1415 1568 1438 a.
1598 1404 1690 1438 1563
1718 1403 1892 1438 Albertus
1918 1403 1962 1439 V.
1989 1403 2064 1438 dux

267 1459 428 1502 calicem,
455 1462 497 1494 ut
514 1459 590 1494 fere
610 1471 714 1493 nemo
732 1459 862 1502 magis,
890 1457 1096 1504 appetierat
1114 1459 1150 1492 et
1169 1469 1207 1492 se
1227 1470 1268 1492 ea
1288 1458 1522 1492 concessione
1540 1458 1779 1503 supersedere
1806 1469 1913 1504 posse
1940 1457 2062 1503 palam

268 1516 468 1558 negaverat
497 1513 559 1558 (34
589 1514 655 1549 136
687 1513 794 1558 227);
833 1513 895 1547 sed
933 1524 993 1554 en,
1031 1512 1114 1546 dum
1153 1511 1321 1546 Canisius
1358 1511 1562 1557 Oeniponte
1590 1512 1691 1555 degit
1716 1532 1761 1535 —
1790 1512 1968 1557 quomodo
2003 1523 2064 1546 res

269 1568 398 1602 effecta
416 1569 474 1609 sit,
502 1579 597 1602 nunc
615 1567 760 1614 planius
780 1579 887 1612 quam
907 1569 1015 1601 antea
1034 1568 1186 1611 apparet
1203 1585 1259 1607 ——‚
1287 1565 1490 1611 Delphinus
1509 1568 1545 1600 et
1563 1565 1746 1607 Moronus‚
1775 1577 1856 1600 cum
1876 1566 2008 1600 ibidem
2026 1565 2062 1599 in

269 1623 429 1656 caesaris
447 1621 531 1656 aula
549 1624 796 1663 versarentur,
823 1621 859 1655 in
878 1621 972 1655 hanc
999 1621 1179 1654 venerunt
1205 1620 1475 1663 cogitationem,
1501 1622 1543 1654 ut
1561 1620 1663 1654 ducis
1689 1620 1848 1654 animum
1868 1631 1932 1665 per
1950 1620 2063 1665 ponti-

269 1676 392 1710 ficium
428 1676 587 1721 aliquem
622 1676 785 1721 legatum
823 1676 868 1710 ab
905 1687 945 1709 eo
983 1674 1162 1709 desiderio
1198 1675 1444 1709 revocandum
1483 1686 1563 1708 esse
1600 1677 1800 1709 censerent.
1864 1673 2062 1709 Consilium

270 1731 483 1765 Tridentum
510 1730 555 1765 ad
582 1730 767 1772 Lainium,
804 1729 956 1764 Romam
983 1729 1027 1763 ad
1056 1729 1314 1763 Borromaeum
1351 1729 1514 1763 defertur
1543 1728 1630 1772 (214
1656 1728 1725 1763 215
1754 1728 1852 1771 221).
1904 1728 2065 1763 Mittitur

270 1785 423 1829 insignis
449 1785 507 1819 vir
535 1784 773 1819 Ormanettus
803 1784 927 1829 (224);
957 1783 1124 1818 Canisius
1145 1782 1348 1828 Oeniponte
1375 1794 1456 1817 eum
1484 1782 1645 1817 instituit
1674 1783 1798 1826 (977):
1826 1794 2064 1817 monacenses

269 1851 412 1883 quoque
439 1841 475 1874 et
494 1839 800 1882 ingolstadienses
819 1838 913 1873 Socii
933 1850 1012 1872 eum
1033 1837 1159 1872 iuvare
1178 1837 1349 1871 iubentur
1369 1837 1454 1880 (238
1474 1837 1573 1881 257).
1610 1836 1805 1881 Negotium
1833 1836 1954 1871 fauste
1981 1848 2064 1872 snc-

270 1893 365 1927 cedit
394 1893 477 1937 (277
505 1894 575 1928 300
602 1894 701 1937 309).
755 1895 793 1928 ln
821 1893 972 1927 Alberto
1006 1892 1156 1936 eiusque
1193 1890 1410 1926 consiliariis
1437 1891 1518 1925 sitis
1545 1890 1609 1925 illa.
1636 1891 1760 1925 calicis
1786 1891 1905 1934 magis
1931 1891 2064 1935 magis·

270 1959 339 1992 que
366 1948 608 1991 restinguitur
637 1947 723 1992 (300
749 1948 819 1982 450
847 1947 917 1981 510
944 1945 1042 1990 670).
1097 1945 1336 1980 Concessione
1374 1945 1556 1991 pontificis
1583 1957 1628 1979 ex
1655 1945 1753 1980 Urbe
1779 1945 1891 1980 allata
1918 1945 1992 1979 dux
2018 1945 2064 1980 iis

269 2004 413 2036 tantum
439 2002 620 2037 Bavariae
647 2002 755 2044 locis,
792 2001 853 2036 ubi
880 2002 952 2035 iam
979 2000 1092 2045 aliqui
1120 2000 1264 2045 propria
1301 2001 1519 2034 auctoritate
1555 1999 1779 2044 audaciaque
1806 1999 1931 2034 calicis
1957 2010 2062 2034 usum

269 2055 337 2090 sibi
374 2056 646 2100 arrogaverint,
683 2056 736 2090 uti
772 2055 903 2090 statuit
933 2054 1019 2098 (620
1048 2054 1113 2089 631
1150 2055 1219 2089 694
1247 2054 1315 2089 757
1345 2054 1443 2098 780).
1498 2054 1586 2088 Cum
1621 2056 1741 2088 autem
1771 2053 1951 2097 Georgius
1978 2053 2063 2088 Cas-

271 2111 421 2152 sander,
449 2110 584 2151 laicus,
611 2110 824 2154 theologum
851 2121 893 2144 ac
920 2120 1034 2155 paene
1062 2110 1203 2154 patrem
1231 2107 1408 2142 ecclesiae
1438 2107 1696 2151 (liberaliorem
1725 2110 1865 2149 tamen,
1901 2111 1941 2142 ut
1968 2119 2063 2142 nunc

272 2164 391 2199 dicere
410 2164 583 2208 solemus)
606 2176 730 2208 agens,
761 2163 1078 2207 „Consultatione“
1107 2162 1203 2196 edita
1230 2162 1420 2197 molestam
1447 2162 1546 2196 illam
1567 2162 1610 2196 de
1637 2162 1750 2196 calice
1777 2161 2063 2196 controversiam

271 2218 341 2252 iam
362 2218 705 2262 oblanguescentem
725 2230 858 2262 magno
877 2229 957 2253 cum
978 2216 1113 2252 Canisii
1133 2217 1254 2250 dolore
1273 2216 1390 2251 denuo
1410 2216 1611 2251 excitasset
1637 2216 1906 2260 multorumque
1924 2217 2064 2250 animos

271 2272 523 2317 perturbasset
561 2272 647 2317 (484
681 2273 751 2308 499
788 2273 856 2307 507
893 2272 1001 2315 590),
1037 2271 1105 2306 sub
1141 2271 1284 2305 initium
1311 2282 1342 2305 a.
1374 2271 1465 2305 1565
1496 2270 1639 2305 Alberti
1666 2269 1709 2304 V.
1747 2269 1919 2304 mandatu
1958 2268 2060 2312 (487)

272 2326 453 2360 Monac-hii
481 2338 639 2361 excusus
666 2329 703 2361 et
728 2339 791 2372 per
818 2326 1013 2361 Bavariam
1051 2325 1287 2360 circumlatus
1318 2324 1540 2368 (780—783)
1570 2326 1627 2358 est
1652 2324 1743 2358 liber
1773 2322 2063 2366 „G1·iindtliche1·,

272 2380 414 2415 wahrer
440 2381 603 2422 Bericht,
640 2392 710 2415 von
738 2380 989 2415 Catholischcr
1017 2379 1290 2419 Connnunion“,
1327 2378 1361 2412 in
1390 2390 1459 2422 quo
1495 2379 1697 2412 communio
1734 2378 1800 2412 sub
1835 2388 1907 2411 una
1941 2377 2063 2422 specie

273 2434 385 2469 solide
412 2437 679 2480 propugnatur,
717 2435 794 2469 eins
821 2433 1020 2469 adversarii
1055 2433 1179 2468 multis
1215 2433 1443 2475 argumentis
1469 2433 1514 2466 ad
1542 2432 1662 2477 populi
1691 2434 1837 2476 captum
1865 2442 2063 2465 accommo-

273 2489 368 2523 datis
404 2490 610 2523 refutantur
639 2488 724 2533 (470
760 2490 828 2523 792
866 2488 973 2532 794);
1011 2487 1171 2522 auctoris
1206 2498 1335 2521 nomen
1372 2486 1462 2520 libro
1491 2485 1688 2530 ascriptum
1726 2497 1795 2519 non
1831 2487 1905 2520 est:
1935 2496 2016 2519 eum
2043 2496 2063 2520 a

272 2543 312 2577 P.
334 2542 445 2577 Paulo
465 2542 614 2577 Hoffaeo
634 2543 667 2577 S.
688 2543 731 2584 J.,
758 2545 899 2576 rectore
924 2541 1066 2585 collegii
1094 2541 1331 2581 monacensis,
1361 2540 1506 2574 Canisio
1536 2540 1621 2583 (470
1649 2540 1733 2582 550)
1756 2542 1791 2573 et
1810 2538 1890 2573 aliis
1917 2550 2062 2584 operam

274 2597 553 2637 conferentibus,
581 2597 819 2642 compositum
847 2608 946 2637 esse,
979 2595 1132 2637 litteris,
1160 2606 1251 2639 quas
1279 2606 1391 2639 pono,
1418 2598 1493 2628 tam
1522 2596 1661 2628 certum
1690 2593 1867 2635 efficitur,
1894 2596 1935 2627 ut
1961 2604 2064 2627 nemo

274 2651 439 2685 dubitare
467 2651 582 2696 possit
611 2651 696 2694 (518
724 2651 822 2694 550).

394 2706 426 2739 3.
467 2704 566 2746 Quod
604 2705 647 2739 ad
684 2705 776 2739 alias
812 2703 1055 2739 ssavariac
1092 2715 1168 2737 res
1204 2702 1593 2737 ecclesiasticas
1629 2700 1781 2742 attinet,
1818 2701 1911 2742 dux,
1948 2701 2066 2744 inquit

275 2758 442 2793 Canisius
464 2759 517 2793 12.
537 2758 723 2793 Februarii
747 2759 837 2792 1564
864 2759 908 2792 ad
930 2758 1092 2792 Lainium
1121 2756 1296 2797 scribens,
1329 2768 1386 2798 „se
1415 2758 1530 2790 totum
1559 2755 1707 2800 opponit
1733 2754 1923 2799 sectarijs⁴⁴
1947 2754 2063 2799 (447).

276 2816 372 2854 Quos
391 2815 431 2846 ut
455 2812 628 2852 vinceret,
656 2815 801 2857 praeter
828 2812 966 2846 nobiles
994 2810 1198 2856 complures
1218 2811 1252 2844 in
1281 2809 1427 2844 vincula
1454 2810 1637 2843 coniectos
1665 2811 1701 2843 et
1727 2809 1914 2842 ministros
1934 2807 2064 2842 Luthe-

275 2878 443 2900 ranorum
470 2869 568 2900 terra
595 2866 720 2911 pulsos
749 2868 834 2911 (606
863 2867 961 2910 725),
990 2866 1056 2900 hoc
1083 2866 1192 2899 etiam
1221 2867 1436 2898 consecutus
1464 2866 1529 2905 est,
1557 2865 1597 2897 ut
1624 2862 1785 2897 Societas
1811 2863 1893 2896 lesu
1913 2873 1944 2896 a.
1973 2862 2065 2896 1564

276 2920 482 2954 missionem
510 2932 671 2961 sacram,
708 2933 815 2964 qnam
843 2923 996 2961 vocant,
1033 2931 1184 2963 eamque
1216 2918 1373 2952 omnium
1403 2918 1437 2951 in
1465 2917 1661 2952 Germania
1697 2916 1883 2962 superiore
1910 2915 2063 2960 primam

276 2974 481 3008 institueret
511 2975 596 3016 (439
623 2975 693 3009 450
725 2975 794 3009 454
822 2974 928 3018 490);
971 2972 1231 3016 „missionarii“
1273 2972 1443 3017 (primum
1482 2974 1671 3014 quattuor,
1710 2970 1838 3004 deinde
1875 2969 1982 3013 duo),
2019 2969 2064 3004 ab

275 3028 442 3073 episcopo
478 3040 582 3062 sacra
618 3031 818 3072 potestate,
855 3040 875 3062 a
903 3028 1047 3062 Ganisio
1083 3026 1304 3072 praeceptis,
1341 3037 1361 3059 a
1389 3026 1478 3059 duce
1515 3024 1751 3069 amplissimis
1777 3024 1822 3058 ad
1860 3024 2064 3068 praefectos

275 3081 407 3116 litteris
434 3081 599 3115 instructi
630 3083 745 3124 (519),
782 3082 949 3127 precibus
976 3093 1138 3125 qnoque,
1170 3092 1261 3124 quas
1288 3078 1482 3113 Societatis
1508 3078 1672 3112 homines
1699 3089 1764 3122 per
1790 3077 1909 3111 omnia
1935 3075 2064 3111 ltaliae

277 3135 429 3179 collegia
456 3147 520 3180 pro
548 3135 590 3168 iis
618 3135 767 3169 sundere
796 3135 883 3169 iussi
911 3138 1025 3175 erant,
1054 3135 1166 3168 adiuti
1196 3134 1280 3177 (537
1309 3134 1408 3175 540).
1436 3132 1631 3166 Bavariain
1660 3131 1867 3165 inferiorem
1895 3141 1961 3164 sex
1990 3130 2064 3165 fere
