2182 3339
605 104 697 138 1564
724 103 826 138 Febr.
857 104 910 139 16.
938 123 983 127 --
1014 104 1105 138 1564
1132 103 1239 138 Mart.
1267 103 1323 138 26.
1769 120 1854 149 Lm

129 224 222 262 1564
288 223 289 263 Ξ
394 222 502 257 Mart.
531 222 563 257 6.
696 221 733 256 F.
763 221 806 256 ΙΙ.
837 221 897 265 (ad
926 220 960 256 S.
988 221 1151 264 Ioannis,
1189 224 1229 257 ut
1257 222 1415 267 videtur)
1444 223 1587 266 iterum,
1615 226 1792 269 quomodo
1820 226 1855 261 in

758 276 915 309 vestium
943 287 1011 310 usu
1039 278 1220 321 peccetur,
1249 277 1398 322 exponit
1424 279 1460 312 et
1485 278 1583 322 regis
1609 277 1857 315 Ninivitarum

290 331 291 367 ἢ
759 330 802 364 de
829 330 1053 375 paenitentia
1080 331 1222 374 agenda
1241 331 1451 366 mandatum
1472 332 1507 366 in
1526 333 1732 368 auditorum
1751 346 1855 368 usum

760 383 944 418 convertit
970 384 1087 428 (830).

132 441 224 478 1564
290 415 292 438 l
398 438 505 472 Mart..
535 438 566 472 7.
699 437 737 471 F.
767 437 829 471 Ill.
856 437 1118 472 catechismum
1150 438 1206 482 (ut
1232 439 1393 484 videtur)
1423 440 1573 486 exponit
1609 440 1778 485 (ibidem,
1820 444 1859 477 ut

292 500 293 504 ’
775 491 794 514 ‚·
966 492 986 526 8
1058 519 1065 526 .

135 550 226 585 1564
292 522 293 544 i
399 547 506 581 Mart.
535 546 568 581 8.
700 544 738 579 F.
761 491 1103 590 lliletghidgnipiit
1138 547 1299 591 videtur)
1338 560 1384 582 ex
1410 548 1518 594 Ionae
1549 551 1586 584 et
1611 549 1859 585 Ninivitarum

761 598 914 633 historia
952 600 973 633 8
1013 601 1292 645 protestantium
1333 614 1472 637 errores
1518 603 1577 646 (de
1624 605 1860 650 paenitentia,

762 653 891 687 timore
914 654 1095 696 „servili“‚
1116 654 1322 690 voluntaria
1340 657 1396 690 sui
1416 657 1626 696 afflictione.
1654 659 1860 704 praeceptis

762 706 1022 742 ecclesiasticis
1049 708 1134 752 etc.)
1162 709 1297 744 refellit
1325 709 1440 754 (830).

135 766 227 800 1564
402 761 510 796 Mart.
539 762 570 796 9.
682 757 740 794 ¹F.
769 761 811 794 V.
849 761 1109 796 catechismum
1149 763 1205 807 (ut
1240 764 1400 809 videtur)
1439 766 1589 811 exponit
1617 767 1784 811 (ibidem,
1821 771 1862 804 ut

684 858 685 866 ἵ
764 815 926 858 videtur)
955 815 1072 860 (841).

137 873 229 908 1564
391 869 500 904 Mart.
533 870 585 904 10.
704 868 741 903 F.
777 868 837 903 VI.
873 869 1041 912 (ibidem,
1077 875 1117 906 ut
1153 872 1313 917 videtur)
1346 875 1629 919 protestantium
1664 876 1862 920 magistros

764 922 1010 959 Ninivitarum
1052 926 1314 970 paenitentiam
1357 927 1462 963 falsis
1501 928 1712 975 Scripturae
1751 930 1861 965 inter-

765 978 1029 1021 pretationibus
1056 979 1283 1015 infirmantes
1309 982 1448 1016 refutat
1476 982 1591 1028 (830).

138 1034 229 1070 1564
392 1031 500 1066 Mart.
531 1031 586 1065 12.
684 1026 807 1064 'D0n1.
844 1031 906 1065 IV.
943 1031 1076 1074 Quadr.
1112 1034 1148 1068 in
1184 1035 1271 1069 eccl.
1309 1036 1529 1079 cathedrali,
1566 1038 1743 1082 quomodo
1780 1039 1864 1073 dae-

766 1085 862 1118 moni
889 1085 1054 1121 homines
1080 1089 1252 1123 resistere
1287 1090 1430 1134 possint
1465 1093 1502 1126 et
1537 1092 1712 1134 debeant,
1748 1093 1863 1135 docet,

766 1139 907 1182 aliquas
935 1139 1093 1175 laetandi
1121 1153 1251 1177 causas
1277 1144 1426 1189 profert,
1460 1157 1590 1189 evang.
1619 1146 1689 1181 diei
1716 1147 1866 1192 exponit

296 1220 298 1222 .
770 1194 884 1238 (831).

138 1250 231 1286 1564
297 1272 299 1288 ;
396 1247 505 1281 Mart.
536 1247 589 1281 13.
708 1247 744 1282 F.
773 1248 817 1282 II.
846 1248 908 1292 (ad
935 1247 970 1282 S.
998 1248 1162 1291 Ioannis,
1190 1252 1232 1284 ut
1257 1250 1442 1296 videtur),
1473 1255 1651 1298 quomodo
1679 1255 1865 1291 Ninivitae

298 1322 299 1356 ἢ
687 1304 688 1345 ζ
767 1302 953 1336 oraverint
971 1304 1007 1336 et
1024 1314 1142 1338 mores
1161 1305 1446 1346 emendaverint,
1470 1309 1640 1351 ostendit,
1664 1312 1867 1355 protestan-

298 1359 300 1379 1
768 1356 859 1390 tium
885 1355 1017 1390 falsam
1044 1358 1279 1393 securitatem
1309 1371 1468 1403 arguens
1497 1362 1613 1405 (813).

140 1412 232 1447 1564
298 1405 300 1460 ἶ
394 1408 503 1443 Mart.
536 1409 588 1442 14.
710 1410 745 1445 F.
773 1410 835 1444 111.
864 1410 1127 1446 catechismum
1156 1412 1213 1456 (ut
1240 1414 1402 1459 videtur)
1431 1416 1592 1462 explicat
1621 1416 1789 1461 (ibidem,
1827 1421 1868 1454 ut

299 1461 301 1497 ]·
769 1463 929 1508 videtur)
959 1464 1074 1509 (841).

142 1520 231 1556 1564
300 1539 301 1554 .
396 1517 505 1551 Mart.
535 1517 589 1551 15.
688 1516 747 1553 ⁸1³.
775 1518 835 1553 lV.
866 1518 1025 1562 (ibidem,
1053 1522 1094 1554 ut
1120 1520 1295 1565 videtur),
1323 1525 1500 1567 quomodo
1527 1524 1625 1560 Deus
1651 1537 1761 1571 opera
1787 1538 1869 1572 pae-

769 1573 945 1607 nitentiae
973 1585 993 1607 a
1012 1573 1187 1609 Ninivitis
1214 1576 1313 1610 facta
1334 1577 1554 1622 probaverit,
1583 1580 1733 1624 exponit
1752 1580 1868 1626 (831).

144 1629 234 1664 1564
300 1619 303 1661 ¹.
397 1628 505 1662 Mart.
536 1628 589 1662 16.
710 1627 748 1661 F.
776 1627 819 1661 V.
847 1627 1109 1662 catechismum
1147 1629 1204 1673 (ut
1239 1631 1398 1673 videtur)
1438 1633 1589 1678 exponit
1626 1634 1792 1678 (ibidem,
1830 1637 1871 1669 ut

691 1691 692 1703 ¹
770 1681 931 1724 videtur)
961 1682 1077 1725 (841).

144 1737 235 1771 1564
302 1731 303 1734 “
399 1736 508 1770 Mart.
539 1736 593 1770 17.
711 1736 748 1770 F.
776 1735 837 1770 VI.
870 1736 1040 1779 (ibidem,
1077 1739 1117 1771 ut
1152 1737 1313 1783 videtur)
1351 1751 1397 1774 ex
1432 1739 1585 1775 historia
1611 1741 1869 1785 Ninivitarum,

772 1790 949 1833 quomodo
977 1790 1174 1826 Christiani
1209 1792 1254 1826 ad
1281 1795 1567 1829 communionem
1594 1796 1805 1840 paschalem
1831 1809 1872 1832 se

773 1855 902 1889 parare
929 1845 1094 1886 debeant,
1122 1847 1282 1880 ostendit
1310 1846 1425 1891 (831).

145 1898 237 1932 1564
401 1897 509 1932 Mart.
540 1897 594 1932 19.
712 1897 816 1932 Dom.
854 1898 1039 1933 Passionis
1074 1911 1179 1934 mane
1214 1901 1250 1934 in
1286 1902 1373 1936 eccl.
1411 1902 1610 1937 cathedrali
1656 1904 1699 1938 de
1736 1903 1873 1939 Christi

773 1952 940 1996 passione
967 1964 1031 1998 per
1057 1965 1200 1988 sacrum
1233 1958 1378 2000 tempus
1409 1957 1636 1999 „Passionis“
1677 1957 1873 2003 diligenter

774 2006 1054 2049 consideranda,
1090 2011 1174 2052 post
1210 2010 1400 2054 prandium
1433 2011 1469 2044 in
1501 2011 1637 2056 templo
1665 2011 1699 2046 S.
1727 2012 1873 2048 Ioannis

775 2060 817 2094 de
845 2061 976 2102 causis,
1004 2062 1047 2096 ob
1075 2073 1166 2106 quas
1192 2063 1297 2098 multi
1325 2076 1370 2098 ex
1394 2068 1625 2110 peccatorum
1645 2067 1873 2101 confessione

306 2147 307 2151 ,
774 2115 933 2148 fructum
960 2127 1031 2149 non
1058 2117 1216 2162 capiant,
1243 2119 1471 2153 contionatur
1499 2120 1614 2164 (831).

148 2166 240 2201 1564
306 2159 307 2170 ¹
403 2167 510 2201 Mart.
539 2167 596 2203 20.
714 2168 752 2203 F.
780 2168 824 2203 II.
852 2172 936 2203 ante
964 2170 1151 2214 prandium
1181 2171 1241 2215 (ad
1269 2172 1304 2206 S.
1333 2173 1495 2215 Ioannis,
1537 2178 1575 2208 ut
1603 2175 1763 2219 videtur)
1793 2187 1872 2221 pas-

306 2231 307 2234 *
694 2239 696 2247 ι
775 2222 911 2257 sionem
949 2223 1083 2258 Christi
1124 2226 1159 2268 (a
1194 2226 1302 2260 rebus
1338 2228 1433 2272 apud
1469 2228 1652 2263 Simonem
1690 2228 1874 2275 leprosum

775 2278 891 2320 gestis
917 2289 1033 2322 usque
1060 2279 1105 2313 ad
1132 2279 1298 2314 ultimam
1326 2283 1468 2326 cenam)
1498 2285 1645 2317 enarrat
1672 2283 1788 2327 (832).

150 2328 241 2363 1564
403 2329 509 2364 Mart.
539 2330 594 2364 21.
715 2331 753 2366 F.
783 2332 844 2366 111.
871 2333 1132 2367 catechismum
1163 2334 1219 2377 (ut
1245 2335 1407 2380 videtur)
1443 2337 1592 2382 exponit
1630 2337 1797 2382 (ibidem,
1835 2341 1876 2373 ut

762 2386 925 2429 videtur)
956 2387 1072 2430 (841).

149 2438 241 2472 1564
404 2437 513 2472 Mart.
541 2438 598 2473 22.
715 2439 753 2475 F.
782 2439 843 2475 1V.
870 2444 953 2475 ante
981 2442 1171 2486 prandium
1203 2443 1371 2485 (ibidem,
1411 2447 1451 2478 ut
1477 2445 1638 2490 videtur)
1667 2446 1874 2491 passionem

777 2495 913 2529 Christi
942 2495 1018 2539 („in
1037 2496 1181 2540 horto“)
1204 2500 1368 2539 enarrat;
1396 2501 1479 2544 post
1501 2500 1693 2544 prandium
1715 2501 1875 2543 (ibidem,

776 2552 816 2583 ut
852 2549 1010 2594 videtur)
1049 2551 1195 2593 fideles,
1231 2553 1408 2596 quomodo
1445 2554 1490 2587 ad
1525 2553 1784 2589 eucharistiam
1818 2566 1874 2589 su-

776 2603 943 2638 mendam
969 2616 1009 2639 se
1036 2617 1164 2650 parare
1191 2606 1356 2648 debeant,
1385 2607 1490 2641 docet
1517 2607 1633 2651 (832).

153 2652 243 2686 1564
310 2660 311 2666 ’
405 2655 512 2690 Mart.
540 2657 597 2691 24.
717 2657 754 2691 F.
774 2656 835 2692 VI.
863 2661 948 2693 ante
975 2660 1165 2704 prandium
1195 2661 1354 2705 (ibidem,
1382 2664 1422 2695 ut
1448 2661 1609 2705 videtur)
1639 2662 1682 2696 de
1699 2662 1876 2707 'passione

310 2737 311 2754 ¹
779 2711 913 2747 Christi
943 2713 1240 2760 („captivitate“)
1268 2717 1499 2751 contionatur
1527 2716 1643 2760 (832).

153 2765 244 2800 1564
405 2766 513 2801 Mart.
541 2767 597 2802 25.
699 2765 784 2817 *Die
811 2767 1108 2803 Annuntiationis
1137 2770 1174 2803 B.
1197 2770 1245 2804 M.
1265 2770 1308 2806 V.
1337 2772 1372 2805 in
1399 2771 1486 2807 eccl.
1513 2769 1714 2806 cathedrali
1741 2770 1876 2805 saluta—

699 2838 701 2843 ν
778 2821 887 2855 tionis
914 2822 1100 2866 angelicae
1129 2824 1239 2858 verba
1266 2825 1540 2870 interpretatur,
1569 2837 1673 2860 usum
1698 2836 1876 2859 commen-

155 2926 245 2961 1564
312 2977 313 2981 Ἰ
408 2930 516 2966 Mart.
545 2932 600 2967 26.
719 2875 1049 2965 Doiiiitpffiffgrum
1078 2943 1181 2966 mane
1211 2932 1262 2975 (in
1290 2933 1375 2968 eccl.
1397 2933 1614 2979 cathedrali)
1645 2935 1688 2970 de
1709 2935 1876 2980 passione

781 2983 916 3018 Christi
938 2984 996 3028 (de
1016 2986 1122 3020 rebus
1141 2987 1186 3020 ab
1205 2987 1308 3021 horto
1328 2989 1372 3022 ad
1391 2988 1535 3023 domum
1553 2988 1713 3034 Caiphae
1731 2989 1877 3034 gestis),

780 3041 860 3083 post
896 3039 1087 3084 prandium
1124 3040 1176 3084 (in
1212 3042 1348 3087 templo
1376 3042 1411 3078 S.
1440 3043 1601 3085 Ioannis,
1639 3046 1679 3078 ut
1715 3044 1874 3087 videtur)

780 3093 823 3127 de
850 3095 1090 3128 sacramentis
1116 3095 1354 3131 confessionis
1381 3099 1418 3131 et
1443 3097 1706 3132 communionis
1725 3099 1782 3143 pie
1801 3109 1877 3132 sus·

781 3147 956 3192 cipiendis
983 3148 1072 3183 dicit
1099 3149 1214 3193 (832).
