2182 3339
650 115 694 149 II.
730 114 958 149 Prooemium
986 113 1182 148 voluminis
1209 113 1341 158 quarti.
1766 129 1895 157 XXXV

106 233 274 268 meliores
301 245 380 268 esse
408 244 515 277 quam
543 233 675 266 missas
702 232 853 266 aliorum
882 232 1112 266 sacerdotum
1142 231 1256 275 (867).
1310 231 1453 266 Crimen
1481 234 1578 265 certe
1606 242 1675 264 11011
1703 230 1895 274 exiguum!

106 287 199 321 Num
227 299 352 321 verum
366 289 384 321 ἱ)
435 286 606 321 Feliciter
633 286 829 329 contingit,
866 287 907 320 ut
942 296 1058 329 usque
1094 285 1128 319 in
1156 297 1330 330 praesens
1357 287 1501 330 tempus
1529 287 1834 319 conservarentur
1861 287 1895 318 et

106 353 220 386 nuper
256 341 291 375 in
327 341 431 375 domo
459 340 614 385 quadam
643 340 836 374 Societatis
863 340 1109 384 reperirentur
1135 339 1297 381 codices,
1334 340 1368 374 in
1396 351 1487 384 quos
1515 338 1684 373 Canisius
1711 338 1896 372 contiones

107 407 199 429 anno
232 395 292 429 illo
324 395 413 429 1564
440 406 461 428 a
487 406 525 428 se
552 393 697 428 habitas
726 393 782 427 vel
810 405 877 428 5113
903 405 1011 427 11131111
1039 393 1182 428 rettulit
1208 394 1267 428 vel
1294 405 1358 438 per
1384 393 1476 427 alios
1503 392 1714 427 referendas
1741 391 1895 429 curavit,

107 449 158 482 ita
193 451 335 489 tamen,
373 451 413 483 ut
448 448 525 493 ipse
561 459 683 482 eorum
716 448 854 492 scripta
881 450 1157 490 recognosceret
1193 450 1229 481 et
1257 448 1478 481 emendaret.
1530 448 1735 490 Antequam
1764 448 1897 482 autem,

108 502 194 546 quid
220 502 256 536 hi
284 503 424 537 codices
450 502 617 542 habeant,
646 501 774 541 dicam,
801 501 890 535 haec
910 513 966 535 me
985 504 1128 547 oportet
1154 501 1328 546 praefari:
1358 501 1524 535 Exeunte
1542 512 1573 535 a.
1596 501 1687 535 1563
1706 499 1895 534 concilium

108 556 344 590 tridentinum
364 556 569 590 absolutum
589 558 655 590 est.
699 555 861 589 Tridenti
890 555 1006 589 denuo
1025 555 1249 600 explicatum
1269 558 1306 589 et
1333 555 1586 589 confirmatum
1606 557 1661 589 est
1689 554 1896 588 institutum

113 610 411 652 „reservationis“
434 612 665 655 peccatorum
693 609 913 652 graviorum,
942 620 1013 653 qua
1040 609 1089 650 fit,
1117 611 1158 643 ut
1184 621 1204 643 a
1233 609 1392 654 peccatis
1415 608 1488 643 illis
1507 620 1612 643 nemo
1631 608 1700 642 nisi
1719 607 1895 651 singulari

110 666 290 709 potestate
316 664 502 709 praeditus
530 664 692 698 homines
720 663 909 698 absolvere
936 663 1062 708 possit.
1114 663 1249 698 Ibidem
1279 663 1439 705 clericis,
1467 675 1511 696 ne
1537 662 1703 703 simonia,
1730 661 1896 696 concubi-

108 720 214 759 natu,
251 718 461 752 ebriositate
489 717 782 762 inquinarentur,
818 717 993 760 gravibus
1022 717 1146 762 poenis
1172 717 1367 762 propositis
1395 719 1451 751 est
1476 717 1729 757 interdictum,
1764 718 1800 750 et
1830 715 1896 749 viri

110 771 347 806 ecclesiastici
375 772 418 806 ad
446 771 560 805 vitam
587 771 738 806 honeste
764 771 963 815 agendam,
991 782 1096 806 sacra
1122 771 1191 805 rite
1218 771 1404 813 facienda,
1432 771 1618 805 contiones
1643 782 1709 804 suo
1735 772 1897 814 tempore

111 826 296 860 habendas
322 825 572 860 saluberrimis
600 826 805 870 praeceptis
840 825 986 870 impulsi
1023 828 1118 860 sunt.
1170 825 1296 869 Neque
1324 826 1474 859 deerant
1508 825 1544 859 in
1572 825 1666 858 clero
1694 826 1898 867 augustano

108 880 327 921 sacerdotes,
354 879 414 923 qui
442 880 485 913 ad
513 879 655 914 concilii
684 879 948 924 praescriptum
968 880 1156 920 viverent3
1185 879 1351 914 Canisius
1379 879 1456 924 ipse
1483 879 1518 913 id
1545 881 1704 913 testatus
1728 880 1784 912 est
1813 877 1896 920 (556

111 935 178 969 740
197 933 295 977 860).
333 934 430 967 Idem
457 936 578 967 tamen
605 933 671 967 sub
698 933 839 967 initium
868 945 899 968 a.
922 934 1013 968 1564
1039 933 1193 974 rettulit,
1225 933 1450 976 „Ecclesiae“
1482 935 1710 976 augustanae
1742 934 1896 974 „statum

109 987 214 1021 ualde
241 987 490 1032 perturbatum
519 988 618 1022 esse“
650 987 693 1021 ob
724 987 864 1028 „uarios
891 986 1104 1021 clericorum
1132 988 1325 1022 excessus¹‘
1356 987 1480 1031 (410);
1509 998 1551 1021 ac
1578 986 1799 1021 testimoniis
1826 985 1897 1031 epi-

108 1052 296 1086 scoporum
324 1043 627 1085 augustanorum,
655 1042 862 1075 nuntiorum
890 1040 1192 1086 apostolicorum,
1230 1041 1423 1086 proborum
1449 1041 1624 1075 laicorum
1652 1040 1898 1075 confirmatur.

108 1095 221 1129 fuisse
240 1095 275 1129 in
295 1095 389 1129 clero
411 1095 584 1138 (fortasse
603 1095 712 1129 etiam
730 1095 766 1129 in
785 1095 943 1140 capitulo
963 1095 1192 1137 cathedrali),
1221 1096 1281 1139 qui
1309 1106 1375 1130 sua
1402 1096 1438 1129 in
1462 1094 1593 1129 officiis
1611 1094 1728 1129 sacris
1746 1093 1897 1128 admini-

109 1149 268 1184 strandis
294 1149 527 1193 neglegentia
554 1151 591 1183 et
616 1150 652 1183 in
678 1149 836 1183 vivendo
855 1149 1039 1194 pravitate
1058 1149 1218 1183 omnium
1237 1149 1359 1183 0011105
1379 1149 1619 1183 offenderent:
1648 1150 1758 1192 atque
1777 1160 1821 1182 ex
1842 1148 1898 1181 his

109 1203 204 1237 haud
231 1204 281 1237 ita
308 1204 412 1248 pauci
441 1204 550 1238 etiam
577 1203 729 1237 concilio
755 1203 921 1237 absoluto
947 1205 982 1237 et
1008 1215 1072 1248 per
1095 1203 1301 1248 pontificem
1323 1203 1535 1237 confirmato
1553 1203 1680 1237 vivere
1698 1202 1898 1247 pergebant

109 1257 256 1302 perinde
283 1269 325 1292 ac
343 1257 373 1292 si
390 1257 530 1291 nullum
550 1257 741 1292 concilium
761 1257 922 1291 habitum
943 1260 1042 1291 esset
1064 1257 1147 1301 (545
1168 1257 1267 1301 560).
1305 1257 1443 1291 Ηο1·11111
1470 1257 1633 1301 nequitia
1659 1256 1897 1301 apostolicum

110 1311 244 1345 Canisii
262 1313 390 1356 pectus
408 1311 689 1352 vulnerabatur;
709 1311 835 1346 horum
856 1312 933 1356 ipse
953 1311 1043 1345 vitia
1065 1311 1230 1356 „publica
1249 1314 1284 1346 et
1303 1311 1526 1346 communia“
1550 1312 1659 1345 etiam
1679 1311 1798 1355 palam
1819 1322 1897 1355 per-

108 1365 239 1408 stringi
266 1365 323 1400 fas
350 1377 430 1400 esse
456 1366 631 1406 ducebat;
659 1366 695 1400 id
723 1366 817 1400 enim
844 1366 913 1400 nisi
941 1365 1061 1406 fieret,
1089 1365 1261 1410 populum
1288 1366 1550 1400 arbitraturum
1577 1377 1668 1406 esse,
1696 1376 1716 1399 a
1743 1376 1782 1398 se
1809 1364 1896 1405 solo,

109 1431 179 1454 non
215 1431 235 1454 a
271 1420 366 1454 clero
401 1431 540 1454 morum
576 1420 862 1454 emendationem
907 1419 1005 1462 exigi
1044 1420 1158 1463 (559).
1210 1420 1452 1462 Perstrinxit3
1492 1430 1538 1454 ex
1576 1431 1680 1454 sacro
1719 1421 1896 1462 suggestu

109 1473 343 1519 perstrinxit:
377 1474 421 1508 iis
449 1474 571 1508 verbis
602 1474 835 1519 perstrinxit,
864 1486 956 1518 quae
983 1477 1107 1508 nostra
1135 1477 1236 1509 aetas
1264 1477 1361 1509 certe
1388 1487 1456 1508 11011
1485 1475 1617 1515 1’01·1·01;
1655 1473 1747 1507 addo
1775 1473 1897 1516 etiam,

109 1528 153 1562 iis
171 1528 303 1569 verbis,
331 1540 422 1572 quae
447 1528 617 1562 Sanctum
636 1528 830 1572 Ignatium,
857 1528 888 1563 si
916 1528 1144 1562 contionibus
1162 1528 1235 1563 illis
1262 1528 1502 1569 interfuisset,
1529 1528 1764 1573 probaturum
1784 1527 1898 1561 fuisse

108 1594 179 1616 non
205 1583 318 1617 audeo
345 1582 528 1616 affirmare
556 1582 671 1626 (567).
723 1582 849 1627 Neque
883 1582 978 1616 0111111
1013 1583 1044 1617 15
1071 1594 1151 1616 0550
1179 1582 1308 1625 velim,
1347 1583 1408 1627 qui
1443 1582 1479 1616 in
1515 1581 1720 1616 huiusmodi
1757 1584 1897 1615 contro-

109 1636 239 1671 versiis
276 1636 506 1679 inter,viros
542 1636 809 1671 ecclesiasticos
845 1637 981 1671 exortis
1018 1649 1062 1670 ex
1098 1648 1170 1671 una
1209 1639 1313 1682 parte
1339 1637 1573 1671 sanctitatem
1600 1637 1645 1671 ab
1684 1635 1781 1670 omni
1819 1647 1897 1680 per-

108 1691 314 1725 turbatione
340 1690 501 1731 liberam,
528 1703 574 1724 ex
600 1690 715 1725 altera
742 1690 831 1724 nihil
858 1691 927 1725 nisi
958 1691 1108 1725 consilia
1135 1691 1245 1736 impia
1272 1694 1308 1725 et
1334 1691 1582 1726 abiectissima
1609 1702 1689 1724 esse
1717 1701 1895 1729 asseram;

110 1744 190 1788 quis
224 1756 334 1779 sanae
364 1744 497 1778 mentis
532 1744 638 1778 homo
674 1745 741 1778 hoc
768 1744 991 1779 crediderit?
1044 1745 1156 1778 Paulo
1183 1745 1301 1788 magis
1328 1745 1371 1779 ad
1408 1745 1553 1788 singula
1589 1745 1779 1779 descendo.
1830 1743 1897 1778 Die

112 1799 166 1833 14.
185 1798 273 1832 Maii
301 1799 393 1833 1564
413 1798 578 1832 Canisius
605 1798 640 1832 in
660 1798 861 1832 cathedrali
889 1799 1043 1833 ecclesia
1070 1801 1222 1842 questus
1241 1801 1306 1840 est,
1334 1799 1720 1833 excommunicationis
1743 1809 1894 1843 poenam

110 1852 220 1886 etiam
255 1863 275 1886 3
310 1852 558 1887 sacerdotibus
594 1853 839 1887 confessiones
877 1853 1144 1898 excipientibus
1179 1853 1344 1896 neglegi;
1389 1856 1535 1888 exstare
1570 1853 1799 1892 sacerdotes,
1837 1852 1897 1895 qui

109 1905 315 1940 necessaria
341 1906 518 1940 facultate
553 1906 720 1940 destituti
747 1906 911 1941 homines
939 1918 959 1941 a
986 1906 1217 1950 gravissimis
1243 1907 1315 1942 illis
1342 1908 1502 1953 peccatis
1529 1907 1779 1942 absolverent:
1818 1917 1896 1940 eam

112 1972 196 1994 vero
224 1960 486 1994 absolutionem
514 1960 653 1994 irritam
672 1960 883 2005 nullamque
902 1972 998 1996 esse:
1027 1961 1247 1996 horrendum
1267 1973 1358 2003 esse,
1386 1962 1479 2006 quod
1508 1961 1589 2006 quis
1616 1961 1666 1995 ita
1686 1973 1724 1995 se
1752 1963 1897 2005 putaret

111 2013 316 2048 absolutum
336 2025 416 2048 esse
435 2016 471 2048 et
496 2014 530 2047 in
557 2014 789 2048 damnatione
807 2017 972 2049 maneret
999 2016 1115 2059 (861).
1154 2016 1208 2050 Ac
1226 2016 1444 2061 compluries
1465 2016 1643 2057 Canisius,
1671 2015 1767 2049 sicut
1792 2014 1897 2048 annis

111 2067 355 2112 superioribus
389 2068 546 2109 fecerat,
583 2080 676 2102 anno
715 2069 806 2103 1564
833 2081 877 2103 ex
904 2072 1082 2113 suggestu
1110 2081 1242 2114 pravos
1269 2070 1481 2104 clericorum
1508 2081 1626 2104 mores
1653 2068 1896 2113 vituperabat,

111 2133 275 2155 sermone
302 2124 424 2156 tamen
451 2126 557 2156 utens
583 2122 690 2166 longe
717 2134 824 2167 quam
852 2125 960 2157 antea
987 2123 1133 2157 acriore.
1178 2123 1308 2158 Dolere
1335 2136 1374 2158 se
1401 2124 1642 2168 significabat,
1670 2123 1764 2168 quod
1791 2122 1895 2156 multi

112 2175 232 2209 clerici
262 2175 395 2210 litteris
430 2188 499 2210 non
527 2176 734 2218 studerent,
779 2177 1001 2211 breviarium
1028 2189 1099 2211 non
1126 2189 1268 2223 semper
1298 2178 1514 2219 recitarent,
1551 2178 1736 2212 contiones
1763 2176 1896 2210 habere

111 2230 314 2273 ignorantia
340 2230 559 2274 pigritiaque
585 2231 814 2272 omitterent,
841 2243 1019 2276 pauperes
1046 2243 1116 2265 non
1143 2231 1331 2269 iuvarent:
1366 2232 1459 2276 quod
1486 2232 1634 2278 poculis,
1667 2231 1768 2274 „lusu
1796 2230 1895 2264 char-

110 2284 266 2328 tarum“,
293 2283 503 2318 libidinibus
530 2284 648 2328 magis
675 2284 945 2319 delectarentur
973 2297 1080 2329 quam
1108 2297 1213 2320 sacra
1239 2286 1466 2331 precatione:
1495 2287 1588 2331 quod
1614 2286 1766 2320 daemon
1794 2296 1895 2318 vora-

111 2337 233 2371 citatis
274 2337 352 2381 (der
395 2337 678 2381 „Fressteufel“)
720 2338 764 2373 iis
803 2339 1000 2383 imperaret
1041 2338 1277 2383 (856-861).
1340 2339 1413 2374 Res
1448 2352 1553 2385 porro
1592 2340 1636 2374 ad
1680 2339 1896 2373 manifestas

111 2391 309 2426 discordias
336 2391 490 2426 deducta
509 2394 565 2426 est
583 2392 759 2435 contione,
788 2404 895 2437 quam
915 2392 1082 2428 Canisius
1102 2394 1145 2427 de
1163 2395 1296 2428 missae
1315 2394 1493 2429 sacrificio
1511 2394 1637 2428 habuit
1663 2393 1720 2428 die
1738 2393 1896 2427 secundo

111 2444 273 2479 Octavae
300 2445 468 2491 Corporis
495 2446 629 2481 Christi
654 2447 733 2480 sive
761 2447 792 2481 2.
821 2446 932 2488 lunii,
968 2447 1083 2492 pridie
1109 2448 1251 2482 scilicet
1277 2448 1376 2482 illius
1403 2449 1493 2490 diei,
1525 2460 1594 2492 quo
1622 2448 1665 2482 ad
1694 2446 1895 2492 capitulum

111 2499 258 2543 querela
276 2499 318 2533 de
337 2500 415 2534 eius
433 2500 572 2534 iniuriis
599 2500 719 2534 delata
738 2503 812 2535 est:
847 2501 941 2535 Cleri
960 2501 1115 2543 inscitia,
1143 2502 1302 2545 ignavia,
1331 2502 1487 2536 avaritia
1513 2502 1697 2536 hominum
1717 2501 1856 2535 animos
1875 2512 1895 2534 a

111 2552 244 2587 missae
270 2553 447 2588 sacrificio
473 2554 676 2588 abstractos
700 2566 780 2589 esse
798 2555 868 2590 ait:
897 2555 1065 2599 quamvis
1092 2556 1300 2590 sacerdotes
1328 2556 1505 2600 dignitate
1532 2556 1680 2600 regibus
1699 2558 1736 2589 et
1753 2554 1895 2598 angelis

110 2607 378 2649 antecederent,
404 2607 541 2642 nullum
569 2611 690 2642 tamen
709 2609 827 2652 magis
854 2609 1034 2643 contemni
1062 2609 1245 2644 hominum
1273 2610 1445 2650 ordinem,
1472 2622 1579 2654 quam
1607 2609 1894 2644 sacrificulorum

114 2660 441 2706 („Messpfaffen“).
488 2661 602 2704 ‚Vere
621 2663 834 2707 polluimus“
856 2663 1074 2697 sacrificium
1099 2664 1254 2706 „nostris
1272 2664 1439 2699 manibus
1459 2664 1664 2705 immundis,
1691 2666 1815 2697 nostro
1834 2674 1895 2697 ore

112 2714 221 2756 illoto,
247 2715 381 2750 nostris
406 2716 669 2751 incircumcisis
697 2717 876 2759 cordibus,
904 2719 1028 2751 nostra
1056 2718 1272 2752 scandalosa
1300 2718 1386 2759 vita,
1413 2718 1546 2752 nostris
1573 2718 1749 2762 grauibus
1775 2717 1894 2751 abusi-

112 2768 190 2802 bus.
210 2796 217 2803 .
238 2796 245 2803 .
266 2796 272 2803 .
317 2768 431 2811 Quam
449 2769 553 2804 multi
571 2770 688 2805 adhuc
707 2770 822 2813 hodie,
851 2772 911 2815 qui
931 2771 1073 2816 publice
1092 2775 1178 2806 sunt
1197 2772 1472 2814 incontinentes,
1492 2772 1592 2818 ebrij,
1619 2784 1688 2806 non
1708 2773 1813 2806 orant
1831 2771 1893 2805 sed

112 2822 383 2868 blasphemant,
410 2851 416 2857 .
438 2852 444 2858 .
464 2835 642 2868 nusquam
669 2824 805 2859 habent
830 2825 948 2859 maius
974 2826 1134 2859 taedium
1162 2837 1268 2870 quam
1290 2826 1325 2860 in
1345 2826 1451 2861 altari
1480 2829 1514 2861 et
1542 2827 1576 2860 in
1603 2826 1800 2866 sacrificio;
1829 2853 1836 2859 .
1858 2853 1864 2859 .
1886 2853 1892 2858 .

112 2879 306 2911 accurrunt
330 2877 424 2911 sicut
450 2889 577 2920 canes,
606 2906 612 2913 .
642 2907 648 2913 .
678 2906 684 2913 .
712 2879 902 2913 discedunt
928 2880 963 2913 in
990 2880 1181 2921 tabernas,
1209 2892 1253 2914 ex
1281 2892 1378 2914 more
1406 2881 1544 2915 faciunt
1571 2881 1708 2922 onmia,
1740 2891 1810 2914 non
1839 2883 1893 2914 est

112 2930 284 2965 honestas
302 2930 337 2964 in
361 2931 475 2972 domo,
501 2932 678 2967 sobrietas
697 2932 732 2967 in
760 2945 896 2975 mensa,
922 2945 993 2967 non
1020 2933 1243 2968 continentia
1263 2933 1422 2975 inlecto,
1450 2947 1519 2968 non
1546 2935 1706 2969 studium
1726 2935 1761 2968 in
1781 2934 1892 2973 libris,

110 2996 181 3018 non
208 2984 351 3018 deuotio
376 2984 412 3018 in
438 2985 564 3020 corde⁴⁴
597 2986 683 3029 (864
709 2987 809 3030 866).
853 2987 990 3021 Severa
1017 2990 1073 3022 est
1099 2987 1189 3021 haec
1216 2987 1351 3028 oratio;
1388 3000 1506 3033 neque
1540 2991 1663 3023 tamen
1690 2989 1750 3023 vel
1777 2988 1812 3022 111
1840 2999 1892 3028 03,

111 3038 171 3072 vel
196 3038 232 3072 in
257 3038 332 3072 ulla
358 3039 431 3073 alia
457 3051 502 3073 ex
529 3040 756 3074 contionibus
782 3051 803 3074 a
829 3040 974 3076 Canisio
1009 3041 1077 3075 hoc
1112 3044 1274 3086 tempore
1310 3041 1444 3077 habitis
1483 3055 1650 3086 „crassus
1683 3044 1801 3077 error“
1832 3042 1893 3076 ille

113 3091 291 3133 cernitur,
327 3103 433 3136 quem
469 3092 546 3127 eius
581 3094 782 3128 adversarii
809 3105 841 3129 a.
871 3095 963 3129 1574
989 3095 1024 3129 in
1052 3094 1180 3129 iisdem
1218 3098 1409 3138 notarunt;
1445 3109 1562 3142 neque
1599 3097 1692 3132 ullas
1728 3097 1802 3131 vidi
1834 3095 1893 3130 vel

111 3145 255 3180 litteras
281 3147 339 3180 vel
366 3145 507 3181 libellos
541 3146 600 3180 vel
635 3148 913 3182 commentarios
940 3160 960 3182 a
987 3149 1170 3183 canonicis
1205 3149 1282 3194 ipso
1319 3149 1380 3184 illo
1415 3162 1508 3185 anno
1538 3152 1629 3186 1564
1655 3151 1891 3196 conscriptos,
