2182 3339
305 100 420 129 XLIV

370 203 461 239 1563

369 312 462 347 1563

368 366 463 402 1563
531 419 532 423 Ἰ

370 475 462 510 1563

371 746 463 781 1563

371 800 464 835 1563

372 855 464 890 1563

371 1018 464 1053 1563

372 1126 464 1161 1563

365 1207 480 1248 1563

375 1421 466 1457 1563

376 1530 467 1566 1563

375 1585 467 1620 1563

376 1693 468 1729 1563

375 1748 468 1783 1563

377 1857 470 1891 1563

377 1912 468 1946 1563

378 1966 469 2000 1563

378 2020 469 2055 1563

370 2101 485 2143 1563

370 2233 485 2274 1563

381 2381 472 2416 1563
540 2391 541 2435 j

540 2438 542 2455 1

382 2543 473 2578 1563

375 2678 488 2719 1563

386 3089 477 3124 1563

542 2748 544 2759 1

542 2763 544 2777 1

542 2780 544 2803 1

773 85 837 120 III.
875 84 1037 120 Tabulae
1064 84 1344 129 chronologicae
1373 84 1472 120 vitae
1499 84 1649 120 Canisii.

624 202 733 237 Mart.
761 202 818 237 25.

624 309 734 345 Mart.
762 310 819 345 26.

625 365 734 399 Mart.
762 365 819 400 28.

626 473 735 508 Mart.
764 473 822 508 29.

626 744 735 779 Mart.
763 744 820 779 30.

626 799 735 834 Mart.
763 799 820 834 31.

531 844 533 857 ¹
582 853 690 888 Mart.
720 855 756 888 et
781 854 870 899 Apr.

655 1016 742 1062 Apr.
773 1016 804 1051 1.

654 1125 742 1170 Apr.
770 1125 804 1159 2.

631 1219 687 1248 m.
723 1205 830 1259 Apr.

636 1271 818 1314 ineunte

655 1421 744 1467 Apr.

655 1529 743 1575 Apr.

655 1585 744 1630 Apr.

656 1693 745 1738 Apr.

656 1747 746 1793 Apr.

772 1421 807 1782 90:³9³521r>

655 1856 744 1901 Apr.
773 1856 807 1891 9.

641 1911 729 1955 Apr.
761 1911 814 1945 11.

641 1965 729 2010 Apr.
760 1964 816 1999 12.

641 2019 729 2064 Apr.
762 2019 815 2053 13.

568 2098 676 2154 Apr.
716 2099 784 2141 17.
819 2098 891 2140 vel

538 2170 540 2222 j
595 2166 726 2220 paulo
761 2167 865 2208 ante

539 2254 540 2286 j
580 2232 699 2275 inter
735 2233 802 2274 16.
838 2234 883 2274 et

627 2300 697 2341 21.
732 2299 839 2352 Apr.

644 2381 729 2426 Apr.
763 2381 816 2415 17.

541 2543 643 2597 JApl‘.
675 2542 769 2585 (21.‚
797 2544 837 2576 ut
864 2542 914 2575 vi-

675 2596 796 2640 detur)

542 2672 543 2679 ¹
572 2676 652 2718 sub
688 2677 756 2718 24.
792 2675 898 2730 Apr.

544 3101 546 3121 <
601 3088 669 3122 sub
697 3088 753 3122 24.
782 3089 870 3133 Apr.

941 201 1009 236 Die
1036 201 1338 236 Annuntiationis
1365 201 1406 236 B.
1432 201 1481 236 M.
1509 200 1552 236 V.
1590 202 1627 236 in
1662 201 1749 237 eccl.
1787 203 1989 239 cathedrali
2025 216 2107 240 con-

1003 255 1166 290 tionatur
1194 255 1311 299 (819).

942 310 980 345 F.
1008 309 1071 345 VI.
1099 310 1305 345 contionem
1331 310 1367 344 in
1394 309 1530 355 templo
1557 309 1592 345 S.
1616 310 1766 349 >Ioannis
1792 311 1904 347 habet
1931 312 2050 358 (819).

943 364 1046 398 Dom.
1074 363 1261 399 Passionis
1288 364 1325 398 in
1352 363 1439 398 eccl.
1466 363 1667 399 cathedrali
1704 365 1747 400 de
1782 366 1878 401 sacri
1913 366 1984 401 diei
2019 369 2108 402 tem-

1003 419 1174 463 porisque
1201 418 1341 452 ratione
1369 417 1458 452 dicit
1485 417 1601 462 (819).

943 472 980 507 F.
1009 472 1054 507 II.
1083 473 1129 507 ad
1155 472 1189 507 S.
1217 472 1363 507 Ioannis
1391 472 1655 518 paenitentiam
1682 475 1719 508 et
1753 476 1988 520 peccatorum
2027 487 2108 510 con-

1002 526 1201 562 fessionem
1237 538 1283 561 ex
1318 527 1427 561 Ionae
1464 526 1617 561 historia
1655 528 1885 563 commendat
1927 529 2109 575 simulque
2181 556 2182 559 η

1004 583 1179 616 externas
1206 581 1462 615 damnatorum
1489 593 1626 626 poenas
1653 594 1853 627 proponere
1879 583 2012 628 pergit.
2054 583 2109 619 De

1003 635 1133 670 iisdem
1160 636 1237 670 fere
1263 635 1490 679 argumentis
1515 635 1552 670 in
1579 637 1756 682 proximis
1782 637 2009 672 contionibus
2033 638 2112 683 agit

944 743 982 779 F.
1010 744 1074 779 III.
1101 743 1366 779 catechismum
1395 743 1452 787 (ut
1472 744 1634 789 videtur)
1664 745 1813 790 exponit
1838 745 1971 780 ibidem
1992 745 2109 791 (841).

944 798 983 833 F.
1010 798 1072 833 IV.
1099 798 1136 832 in
1163 798 1300 844 templo
1328 797 1363 832 S.
1391 798 1536 833 Ioannis
1563 799 1794 833 contionatur
1823 799 1940 844 (819).

946 854 1084 898 Aliqua
1111 865 1133 886 α
1152 854 1224 888 ΡΡ.
1245 854 1421 897 Dionysio
1449 857 1479 886 et
1509 853 1650 888 Costero
1678 855 1849 888 adversus
1870 855 2110 890 Chemnitium

1005 909 1143 951 scripta
1179 912 1209 941 et
1235 908 1463 951 Villalpandi
1490 919 1565 951 pro
1601 909 1752 942 concilio
1787 909 1986 943 tridentino
2013 911 2111 954 Apo-

1006 963 1138 1005 Zoqiam
1164 963 1384 1005 recoffizoscit
1413 961 1499 1005 (132
1530 961 1597 996 138
1626 961 1724 1006 165).

947 1015 984 1051 F.
1025 1016 1069 1050 V.
1109 1016 1373 1050 catechismum
1414 1015 1472 1060 (ut-
1511 1016 1670 1060 videtur)
1713 1018 1862 1062 exponit
1900 1017 1937 1052 in
1975 1017 2112 1064 templo

1008 1070 1041 1105 S.
1072 1070 1217 1105 Ioannis
1246 1070 1363 1114 (841).

946 1124 984 1159 F.
1012 1124 1076 1159 VI.
1103 1124 1235 1159 ibidem
1263 1124 1494 1159 contionatur
1524 1123 1640 1169 (819).

945 1204 1249 1247 Ferdinandus
1267 1204 1299 1249 Ι.
1319 1204 1561 1259 imperator
1578 1204 1798 1247 Canisium
1818 1204 2111 1260 Oenipontem

1007 1270 1207 1322 accersit,
1243 1272 1293 1313 ut
1325 1270 1405 1312 sibi
1442 1270 1494 1313 de
1528 1271 1712 1313 concilio
1735 1271 1979 1314 tridentino
2012 1286 2110 1314 cum

1009 1337 1231 1379 cardinale
1247 1337 1430 1380 Morono
1451 1340 1605 1380 acturo
1625 1340 1707 1381 010.
1727 1337 1845 1381 adsit
1863 1337 1969 1391 (129
1992 1337 2111 1392 147).

947 1419 1049 1455 Dom.
1078 1419 1287 1454 Palmarum
1316 1420 1485 1454 Canisius
1511 1420 1703 1464 Augustae
1729 1419 1766 1454 in
1802 1419 1957 1455 ecclesia
1990 1420 2111 1456 cathe-

1008 1474 1101 1509 drali
1129 1474 1359 1509 contionatur
1389 1474 1504 1518 (820).

947 1528 985 1564 F.
1013 1529 1059 1563 II.
1087 1529 1123 1563 in
1151 1528 1287 1574 templo
1315 1528 1349 1564 S.
1378 1528 1524 1563 loannis
1551 1529 1782 1563 contionatur
1811 1528 1927 1573 (820).

947 1583 985 1618 F.
1013 1583 1077 1618 111.
1114 1583 1378 1618 catechismum
1415 1583 1565 1628 exponit
1603 1582 1654 1627 (‘?)
1695 1583 1755 1617 vel
1791 1583 2021 1618 contionatur
2059 1583 2109 1629 (‘?)

1008 1637 1142 1672 ibidem
1173 1637 1259 1682 (820
1287 1637 1387 1681 841).

948 1692 985 1727 F.
1014 1691 1075 1727 IV.
1104 1691 1335 1727 contionatur
1361 1691 1494 1726 ibidem
1525 1691 1642 1735 (820).

948 1746 986 1781 F.
1006 1746 1050 1781 V.
1070 1747 1106 1780 in
1127 1746 1246 1781 Coena
1265 1745 1408 1781 Domini
1436 1746 1667 1780 contionatur
1695 1745 1752 1790 (111
1770 1745 1931 1790 videtur)
1961 1745 1997 1780 in
2025 1746 2112 1781 0001.

1010 1801 1212 1835 cathedrali
1242 1800 1357 1845 (820).

948 1855 987 1890 F.
1007 1855 1068 1890 VI.
1096 1856 1133 1889 in
1152 1855 1358 1890 Parasceve
1382 1854 1613 1889 contionatur
1633 1854 1691 1897 (ut
1708 1854 1867 1898 videtur)
1889 1854 1973 1889 ibid.
1996 1853 2113 1899 (820).

948 1909 1052 1945 Dom.
1082 1909 1277 1944 Paschatis
1303 1909 1340 1943 in
1368 1908 1524 1944 ecclesia
1551 1907 1714 1943 cathedr.
1741 1909 1973 1944 contionatur
1996 1908 2113 1954 (820).

948 1964 1054 1998 Feria
1082 1964 1126 1998 II.
1155 1963 1350 1998 Paschatis
1376 1963 1507 1998 ibidem
1536 1963 1767 1997 contionatur
1794 1962 1911 2007 (820).

949 2018 1054 2053 Feria
1083 2018 1145 2052 Ill.
1172 2017 1367 2053 Paschatis
1394 2017 1527 2052 ibidem
1555 2017 1786 2052 contionatur
1817 2017 1930 2061 (820).

951 2098 1149 2141 Oanisius
1183 2098 1467 2154 Oenipontenl
1510 2097 1726 2140 advectus
1759 2097 1814 2139 ab
1846 2096 2113 2151 imperatore

1011 2164 1199 2218 benigne
1234 2164 1454 2219 excipitur
1487 2163 1627 2217 (157).

951 2231 1274 2274 Ferdinandum
1299 2231 1330 2273 I.
1366 2233 1537 2272 secreto
1571 2232 1735 2279 monet,
1771 2242 1824 2271 ne
1847 2227 2113 2271 communio-

1011 2311 1109 2339 nem
1145 2297 1225 2338 sub
1260 2299 1447 2350 utraque
1480 2296 1626 2351 specie
1659 2298 1786 2350 petat
1819 2293 1957 2348 (152).

951 2381 1120 2415 Secretae
1148 2380 1336 2414 cuiusdam
1364 2378 1544 2424 epistulae
1571 2378 1615 2412 ad
1643 2389 1701 2412 res
1734 2376 1877 2412 concilii
1911 2376 2115 2422 spectantis

1012 2434 1262 2480 apographum
1298 2433 1510 2467 Tridentum
1548 2432 1594 2466 ad
1626 2431 1790 2466 Lainium
1828 2431 1960 2472 mittit,
1997 2433 2037 2464 ut
2072 2430 2114 2472 is,

1013 2489 1097 2533 quid
1128 2489 1170 2522 de
1198 2487 1357 2533 epistula
1385 2487 1615 2522 sentiendum
1642 2486 1701 2527 sit,
1728 2497 1767 2520 se
1795 2485 1943 2519 edoceat
1973 2484 2089 2529 (157).

958 2545 1169 2578 Tridentum
1205 2544 1253 2576 ad
1289 2543 1513 2576 cardinalem
1550 2541 1702 2574 Hosium
1740 2540 1940 2583 cataloyam
1986 2549 2111 2572 novum

1014 2598 1191 2631 librorum
1219 2601 1396 2630 mercatus
1419 2596 1729 2639 francofurtensis
1755 2595 1860 2627 mittit.
1889 2592 2004 2637 (153).

953 2675 1239 2731 Imperatoris
1257 2675 1376 2717 iussu
1394 2689 1474 2729 per
1492 2673 1682 2715 Seldium
1702 2670 2112 2714 vicecancellarium

1016 2744 1070 2783 24
1112 2741 1334 2791 „articuli“
1383 2739 1612 2782 concilium
1656 2737 1942 2781 tridentinum
1985 2751 2111 2792 spec-

1013 2811 1162 2850 tantes
1196 2807 1368 2849 Canisio
1416 2806 1600 2859 aliisque
1643 2803 1860 2857 theologis
1894 2805 1977 2845 010.
2012 2817 2113 2857 pro-

1014 2876 1256 2928 ponuntur,
1300 2875 1349 2915 ut
1390 2871 1486 2926 ipsi,
1530 2870 1748 2924 quomodo
1782 2882 1936 2912 caesar
1975 2868 2027 2911 de
2059 2868 2113 2910 iis

1015 2954 1112 2982 011111
1137 2939 1318 2981 Morono
1352 2938 1500 2991 legato
1534 2936 1757 2991 pontificio
1781 2948 1914 2989 agere
1938 2934 2109 2984 debeat,

1016 3005 1304 3047 communiter
1336 3003 1610 3046 constituant
1643 3002 1782 3056 (160).

956 3086 1124 3121 Canisius
1155 3085 1365 3127 „articulos⁸‘
1398 3083 1572 3128 quosdam
1606 3082 1797 3116 concilium
1832 3082 2042 3126 spectantes
2077 3082 2114 3115 et

1016 3152 1036 3174 a
1066 3141 1203 3179 Bruno,
1232 3138 1482 3181 theologorum
1510 3135 1725 3177 secretario,
1761 3134 1831 3169 sibi
1857 3134 2011 3168 traditos
2038 3133 2114 3168 Tri-
