2182 3339
128 242 218 276 1563

129 350 218 384 1563
286 342 288 383 ἶ

123 485 234 526 1563

130 691 220 726 1563

130 799 222 834 1563

132 853 220 887 1563

124 962 234 1004 1563

123 1159 236 1201 1563

122 1357 235 1398 1563

131 1557 222 1593 1563

123 1686 236 1728 1563

124 1951 237 1993 1563

132 2026 223 2061 1563
290 2033 292 2043 “

131 2187 222 2222 1563
288 2163 291 2239 j

130 2402 220 2436 1563

130 2510 220 2544 1563
288 2486 289 2489 ¹

130 2563 221 2598 1563

131 2617 220 2651 1563

131 2671 220 2705 1563
288 2658 289 2665 ’

131 2724 220 2758 1563

130 2778 221 2813 1563

129 2832 220 2866 1563

130 2886 220 2920 1563
287 2908 289 2937 2

129 2940 220 2974 1563

128 2994 220 3028 1563

130 3042 219 3076 1563

128 3096 220 3130 1563

125 3150 217 3184 1563

641 122 730 156 1563
758 121 860 156 initio
887 139 932 144 —
962 119 1054 154 1563
1081 118 1188 153 Mart.
1217 117 1273 152 24.
1739 129 1857 157 XLIII

395 240 469 274 Ian.
498 239 554 274 31.

397 347 500 381 Febr.
528 346 561 380 2.

377 481 503 523 Febr.
540 480 578 521 3.

399 687 501 721 Febr.
530 687 562 720 7.

399 794 502 828 Febr.
530 793 563 828 8.

289 848 405 885 Febr.
431 847 514 891 (10.,
541 848 583 881 ut
608 846 659 880 vi-

289 904 290 922 *
423 900 544 943 detur)

288 949 290 987 l
363 957 492 999 Febr.
532 957 598 999 11.

409 1025 454 1065 et
490 1023 558 1065 12.

288 1153 391 1196 'sub
427 1154 553 1197 Febr.
591 1154 659 1196 15.

289 1258 291 1332 i

289 1334 291 1416 ξ
364 1351 491 1394 Febr.
531 1352 598 1393 16.

289 1417 291 1438 l

289 1442 291 1478 1

289 1528 407 1589 lFebr.
435 1553 530 1588 inter
552 1553 605 1588 16.
627 1555 663 1587 et

456 1608 510 1643 19.

289 1682 391 1749 ³sub
427 1681 553 1723 Febr.
590 1682 658 1724 22.

290 1930 408 1988 ³ante
449 1947 487 1989 7.
527 1946 658 1988 Mart.

396 2022 503 2057 Mart.
532 2022 564 2057 7.

395 2183 503 2218 Mart.
532 2183 563 2218 8.

394 2398 503 2432 Mart.
531 2399 561 2433 9.

382 2505 491 2541 Mart.
520 2506 575 2541 10.

382 2559 489 2594 Mart.
518 2560 574 2594 11.

381 2613 491 2648 Mart.
520 2614 575 2648 12.

382 2667 490 2701 Mart.
521 2668 575 2702 14.

382 2721 490 2755 Mart.
522 2722 574 2757 15.

382 2774 490 2809 Mart.
521 2776 575 2810 16.

383 2828 490 2863 Mart.
521 2829 575 2863 17.

383 2882 490 2917 Mart.
522 2884 576 2918 18.

382 2935 490 2971 Mart.
519 2937 574 2972 19.

382 2989 490 3024 Mart.
518 2990 575 3025 21.

382 3043 490 3078 Mart.
517 3044 574 3079 22.

381 3097 490 3132 Mart.
519 3098 575 3133 23.

381 3151 489 3186 Mart.
518 3152 574 3187 24.

674 237 797 285 {Dom.
826 236 887 271 Ill.
915 238 998 281 post
1024 235 1104 270 Oct.
1130 235 1259 281 Epiph.
1288 234 1487 269 contionem
1518 232 1576 276 (ut
1602 232 1764 276 videtur)
1793 232 1859 266 ibi-

676 327 677 330 ,
757 292 836 325 dem
864 290 975 325 habet
1003 290 1118 334 (819).

675 342 763 380 'Die
791 344 1059 379 Purificationis
1088 344 1125 378 B.
1154 343 1201 377 M.
1231 342 1274 378 V.
1303 342 1433 377 ibidem
1467 341 1671 376 contionem
1712 340 1768 384 (ut
1806 340 1857 374 vi-

758 400 879 443 detur)
907 398 1016 433 habet
1047 398 1161 442 (819).

699 477 1000 520 Ferdinandus
1022 477 1054 520 Ι.
1090 475 1309 519 Canisium
1335 474 1624 529 Oenipontem
1658 473 1856 525 arcessit,

677 531 678 537 ¹
759 558 855 587 cum
889 558 939 586 eo
973 543 1132 585 ibidem
1168 542 1220 583 de
1260 542 1391 584 rebus
1425 540 1597 582 concilii
1629 539 1858 583 tridentini

759 613 938 653 acturus
972 609 1080 663 (45).

700 686 800 720 Dom.
828 685 1128 731 Septuagesimae
1165 684 1334 719 Canisius
1375 683 1432 727 (ut
1468 682 1629 727 videtur)
1669 683 1859 726 Augustae

758 740 792 774 in
821 739 908 774 eccl.
936 739 1138 774 cathedrali
1165 737 1397 773 contionatur
1425 736 1541 780 (819).

699 794 867 829 Canisius
894 794 1064 837 Augusta
1090 791 1246 827 discedit
1273 790 1365 836 (49).

699 846 938 894 Oenipontem
966 847 1117 882 advenit
1146 846 1261 891 (955).

699 958 804 1000 Cum
836 956 1113 999 Ferdinando
1146 955 1178 998 Ι.
1214 968 1414 1005 caesare,
1454 953 1672 1008 Delphino
1705 954 1859 998 nuntio

758 1023 1014 1079 apostolico,
1050 1021 1373 1065 Commendono
1407 1020 1611 1075 episcopo
1646 1020 1698 1063 de
1729 1021 1860 1063 rebus

760 1089 928 1132 concilii
964 1088 1058 1143 agit
1091 1088 1165 1142 (49
1202 1088 1286 1130 952
1323 1085 1441 1140 955).
1749 1124 1751 1126 ,

699 1155 871 1198 Canisio
911 1169 989 1210 per
1022 1153 1349 1197 Drascovitium
1383 1152 1634 1207 episcopum
1672 1153 1723 1195 17
1767 1165 1861 1202 „ar-

759 1221 906 1264 ticuli“
947 1221 1002 1264 ad
1046 1219 1275 1263 concilium
1319 1221 1575 1273 spectantes
1607 1218 1860 1269 traduntur,

761 1288 813 1330 de
847 1287 1003 1341 quibus
1035 1285 1293 1341 imperatori
1316 1284 1583 1327 sententiam
1608 1283 1727 1328 dicat
1750 1283 1859 1339 (56).

700 1353 899 1396 Canisius
942 1367 1039 1395 cum
1082 1351 1227 1395 Seldio
1270 1350 1632 1393 vicecancellario
1676 1353 1721 1393 et
1763 1364 1861 1392 cum

761 1419 988 1470 Gratiano,
1022 1416 1333 1460 Commendoni
1366 1416 1620 1468 secretario,
1656 1417 1709 1459 de
1731 1417 1862 1459 rebus

762 1485 932 1528 concilii
967 1487 1051 1527 etc.
1087 1483 1181 1537 agit
1214 1482 1353 1536 (956).

700 1555 905 1591 Cardinalis
932 1554 1190 1598 Lotharingiae
1217 1555 1254 1588 ct
1280 1553 1440 1598 episcopi
1475 1553 1710 1598 theologique
1749 1553 1864 1598 aliqui

760 1609 848 1654 galli
876 1609 1061 1644 Canisium
1091 1608 1254 1642 invisunt
1283 1606 1398 1652 (957).

699 1682 898 1725 Canisius
927 1681 1290 1725 commentarium
1320 1681 1525 1732 absolvit,
1560 1695 1644 1735 quo
1672 1680 1861 1736 impera-

760 1751 916 1799 torem,
951 1763 1005 1791 ne
1037 1747 1257 1803 pontificis
1288 1747 1601 1790 auctoritatem
1625 1747 1860 1797 convellat,

759 1815 1046 1857 vehementer
1087 1814 1293 1856 hortatur
1334 1813 1573 1866 simulque,
1617 1827 1730 1867 quae
1773 1827 1860 1867 qua

759 1880 930 1923 ratione
947 1881 1104 1923 debeat
1118 1879 1401 1922 reformanda
1416 1893 1584 1931 curare⁷
1606 1879 1734 1922 docet
1751 1878 1859 1934 (75).

679 1960 681 1990 1
699 1944 944 2001 Augustam
978 1946 1159 1989 advenit
1191 1945 1331 2000 (111).

699 2021 801 2056 Dom.
829 2022 873 2056 ΙΙ.
902 2020 1034 2063 Quadr.
1064 2022 1098 2055 in
1126 2021 1287 2056 cathedr.
1315 2021 1471 2056 ecclesia
1497 2021 1628 2056 iterum
1661 2021 1862 2056 contionari

679 2105 682 2129 Ι
760 2074 957 2121 incipiens,
993 2075 1271 2121 promissionem
1307 2081 1502 2121 praecepto
1530 2075 1592 2110 IV.
1628 2076 1789 2110 additam
1826 2078 1863 2110 et

760 2129 994 2172 evangelium
1021 2130 1090 2164 diei
1119 2129 1270 2175 exponit
1298 2129 1413 2173 (819).

700 2182 736 2218 F.
766 2183 811 2218 II.
839 2183 883 2217 ad
911 2183 947 2219 S.
966 2184 1112 2218 Ioannis
1139 2183 1388 2224 contionatum
1418 2183 1486 2218 hac
1513 2186 1550 2218 et
1576 2184 1752 2229 proximis
1780 2195 1860 2219 con·

758 2237 918 2272 tionibus
944 2237 1326 2282 quadragesimalibus
1345 2240 1455 2284 caput
1474 2238 1500 2272 I.
1520 2237 1734 2283 prophetiae
1753 2238 1862 2273 Ionae

759 2295 795 2325 et
822 2294 1016 2336 „quattuor
1034 2291 1267 2334 110vissima“,
1295 2292 1454 2326 maxime
1473 2303 1609 2337 poenas
1628 2292 1772 2334 inferni,
1800 2305 1860 2327 ex—

758 2347 860 2390 ponit
888 2345 1003 2389 (819).

698 2399 735 2434 F.
756 2399 818 2433 III.
847 2400 998 2445 exponit
1027 2399 1084 2443 (ut
1110 2400 1271 2444 videtur)
1302 2399 1566 2435 catechismum
1593 2411 1699 2435 suum
1727 2400 1859 2446 populo

757 2453 793 2487 in
820 2453 956 2499 templo
984 2453 1019 2488 S.
1047 2453 1192 2488 Ioannis
1221 2453 1337 2498 (841).

698 2507 735 2542 F.
763 2507 824 2542 IV.
853 2508 890 2541 in
916 2507 1051 2553 templo
1078 2507 1113 2542 S.
1141 2508 1285 2543 Ioannis
1313 2508 1544 2542 contionatur
1571 2507 1688 2552 (819).

698 2561 736 2596 F.
763 2561 808 2596 V.
836 2562 986 2607 exponit
1015 2561 1070 2605 (ut
1096 2561 1259 2605 videtur)
1290 2561 1551 2596 catechismum
1580 2562 1712 2596 ibidem
1743 2561 1858 2606 (841).

699 2615 736 2649 F.
764 2614 825 2650 VI.
854 2616 985 2650 ibidem
1013 2615 1244 2650 contionatur
1273 2615 1388 2659 (819).

698 2669 800 2703 Dom.
817 2669 879 2704 ΠΙ.
896 2668 1028 2711 Quadr.
1048 2670 1083 2703 in
1103 2670 1191 2704 eccl.
1212 2669 1372 2704 cathedr.
1393 2669 1596 2704 contionem
1614 2669 1726 2705 habet
1742 2669 1858 2715 (819).

698 2722 736 2757 F.
765 2723 808 2757 Il.
836 2723 872 2757 in
900 2723 1036 2768 templo
1063 2723 1098 2758 S.
1126 2723 1273 2758 Ioannis
1300 2724 1532 2758 contionatur
1560 2723 1677 2768 (819).

698 2776 819 2811 F.1H.
846 2777 1108 2812 catechismum
1139 2777 1196 2821 (ut
1214 2777 1374 2821 videtur)
1405 2778 1554 2823 exponit
1580 2778 1714 2812 ibidem
1742 2777 1859 2822 (841).

699 2830 736 2865 F.
764 2831 826 2865 IV.
853 2831 987 2866 ibidem
1015 2832 1246 2866 contionatur
1273 2831 1389 2875 (819).

700 2884 737 2919 F.
764 2884 808 2919 V.
836 2885 1099 2919 catechismum
1128 2886 1185 2929 (ut
1212 2886 1372 2927 videtur)
1402 2885 1552 2931 exponit
1578 2885 1710 2920 ibidem
1741 2886 1856 2930 (841).

698 2938 735 2972 F.
765 2938 825 2973 VI.
853 2939 984 2973 ibidem
1013 2940 1244 2974 contionatur
1274 2940 1390 2983 (819).

698 2991 800 3026 Dom.
828 2992 889 3027 IV.
918 2992 1050 3035 Quadr.
1078 2993 1113 3027 in
1142 2993 1229 3028 eccl.
1257 2993 1419 3028 cathedr.
1447 2994 1677 3028 contionatur
1705 2993 1820 3037 (819).

697 3045 735 3081 F.
763 3046 808 3080 ΙΙ.
836 3046 881 3080 ad
908 3045 943 3080 S.
971 3046 1117 3081 Ioannis
1144 3047 1374 3081 contionatur
1403 3047 1518 3091 (819).

697 3099 734 3133 F.
754 3100 817 3134 III.
846 3100 1106 3135 catechismum
1136 3101 1194 3145 (ut
1219 3101 1380 3145 videtur)
1409 3102 1559 3147 exponit
1584 3101 1717 3136 ibidem
1739 3100 1855 3145 (841).

696 3153 734 3188 F.
763 3153 824 3187 IV.
853 3154 1055 3188 contionem
1083 3154 1215 3189 ibidem
1241 3154 1353 3189 habet
1380 3155 1495 3199 (819).
