2182 3339
320 198 412 234 1563

321 367 413 402 1563

323 584 415 620 1563

325 747 416 783 1563

326 910 417 946 1563

325 1019 418 1054 1563

327 1127 419 1162 1563

327 1290 420 1326 1563

329 1513 422 1548 1563

331 1621 422 1656 1563

333 1837 424 1872 1563

334 1999 425 2035 1563

336 2275 429 2310 1564
496 2299 498 2325 ἰ

339 2489 431 2524 1564

340 2651 432 2686 1564

342 2871 433 2906 1564
501 2837 502 2847 ¹

343 3032 434 3066 1564
502 3008 503 3066 ξ

720 78 783 113 ΙΙΙ.
820 77 981 113 Tabulae
1009 78 1287 124 chronologicae
1313 81 1413 116 vitae
1441 80 1588 116 Canisii.

600 197 686 232 Dec.
714 198 746 232 5.

602 360 688 396 Dec.
717 362 749 396 6.

602 578 689 614 Dec.
717 579 750 614 8.

595 742 681 777 Dec.
712 742 766 776 12.

597 905 682 940 Dec.
713 905 768 940 13.

598 1014 684 1049 Dec.
714 1015 768 1048 15.

598 1122 684 1157 Dec.
715 1123 770 1158 19.

600 1286 686 1321 Dec.
714 1286 771 1321 21.

596 1503 681 1539 Dec.
709 1504 767 1539 22.

602 1612 688 1647 Dec.
716 1613 774 1648 25.

603 1829 690 1864 Dec.
718 1830 775 1865 26.

604 1991 692 2027 Dec.
719 1992 777 2026 27.

893 195 995 231 Dom.
1024 197 1067 232 ΙΙ.
1095 198 1190 233 Adv.
1217 198 1252 232 in
1281 198 1370 233 eccl.
1398 199 1600 235 cathedrali
1627 212 1673 234 ex
1700 201 1892 246 evangelio
1919 201 1989 236 diei
2017 201 2060 236 de

954 251 1049 285 sacri
1076 252 1251 298 temporis
1277 253 1419 287 ratione
1446 255 1481 288 et
1509 254 1552 288 de
1578 254 1649 288 fine
1675 255 1800 290 mundi
1823 258 2060 301 extremoque

954 304 1088 340 iudicio
1116 306 1205 341 dicit
1232 306 1349 351 (826).

894 359 933 394 F.
961 359 1006 394 II.
1043 360 1101 395 die
1137 361 1171 396 S.
1198 361 1342 396 Nicolai
1381 361 1530 405 (ibidem
1567 362 1626 396 vel
1664 363 1708 397 ad
1745 363 1779 398 S.
1816 363 1978 409 Ioannis)
2017 364 2061 399 de

956 413 1105 449 Nicolao
1142 415 1231 450 dicit
1266 418 1302 450 et
1338 416 1524 450 exordium
1562 417 1784 462 precationis
1818 418 1927 452 Ionae
1954 430 2062 464 expo-

956 480 1047 503 nens
1073 469 1200 504 fideles
1227 470 1271 504 ad
1300 470 1475 505 orandum
1503 473 1539 505 et
1565 471 1609 505 ad
1636 471 1805 506 fiduciam
1833 472 1868 506 in
1895 472 1962 507 Dei
1997 472 2061 507 mi-

957 523 1155 558 sericordia
1182 523 1429 559 collocandam
1457 524 1626 560 hortatur
1654 526 1771 570 (826).

897 577 934 612 F.
963 577 1025 612 IV.
1053 578 1111 612 die
1139 577 1395 624 Conceptionis
1422 580 1462 614 B.
1490 579 1538 614 M.
1566 579 1611 614 V.
1640 579 1692 625 (in
1727 580 1864 626 templo
1900 580 2062 616 cathedr.
2102 561 2106 565 ¹
2172 596 2177 639 ⁴.

962 631 1022 665 vel
1050 632 1093 666 ad
1114 632 1149 667 S.
1169 632 1331 677 Ioannis)
1354 633 1396 668 de
1415 633 1653 669 immaculata
1671 634 1907 680 conceptione
1924 633 2064 670 Mariae

959 688 996 720 et
1022 686 1066 720 de
1093 686 1285 732 prophetia
1313 688 1421 722 lonae
1449 687 1680 723 contionatur
1709 688 1825 733 (826).

897 740 1002 775 Dom.
1022 740 1085 775 III.
1113 742 1207 776 Adv.
1227 742 1263 776 in
1283 742 1370 777 eccl.
1391 742 1603 784 cathedrali,
1628 743 1807 787 quomodo
1831 743 2064 786 evangelium

960 794 1031 829 diei
1057 795 1102 829 ad
1130 795 1238 830 fidem
1272 796 1555 832 confirmandam
1593 799 1628 831 et
1665 809 1783 832 mores
1820 797 2065 832 emendandos

959 849 1051 883 utile
1078 849 1137 892 sit,
1166 850 1328 885 ostendit
1355 851 1471 895 (826).

900 903 938 938 F.
960 903 1007 938 ΙΙ.
1038 903 1099 947 (ad
1118 905 1153 940 S.
1172 905 1329 947 Ioannis,
1356 907 1397 939 ut
1422 905 1585 950 videtur)
1615 906 1724 940 Ionae
1750 905 1979 952 prophetiam
2006 917 2066 940 ex-

960 970 1094 1003 ponere
1121 960 1244 1004 pergit
1273 960 1390 1003 (827).

900 1012 938 1046 F.
958 1011 1020 1047 IV.
1052 1012 1213 1056 (ibidem,
1240 1015 1282 1048 ut
1307 1013 1483 1058 videtur),
1511 1016 1690 1059 quantum
1717 1013 1844 1049 solacii
1870 1014 1995 1049 miseri
2022 1026 2067 1049 ex

963 1067 1070 1101 lonae
1097 1066 1289 1112 prophetia
1316 1079 1446 1114 capere
1473 1069 1640 1111 debeant,
1667 1069 1772 1103 docet
1801 1068 1915 1113 (827).

902 1121 1003 1156 Dom.
1032 1120 1093 1155 IV.
1131 1122 1225 1156 Adv.
1254 1122 1288 1156 in
1317 1122 1405 1158 eccl.
1433 1122 1635 1158 cathedrali
1672 1123 1715 1157 de
1751 1135 1907 1168 persona
1934 1122 2071 1158 Christi

962 1175 1061 1219 regis
1089 1178 1124 1210 et
1152 1176 1195 1210 de
1223 1176 1354 1211 animis
1381 1177 1426 1212 ad
1453 1177 1532 1212 eius
1568 1177 1662 1212 diem
1698 1177 1857 1212 natalem
1897 1177 2070 1223 parandis

964 1230 1195 1264 contionatur
1222 1233 1259 1265 et
1286 1231 1409 1266 Ionam
1437 1231 1622 1277 explicare
1649 1232 1770 1277 pergit
1798 1231 1914 1276 (827).

903 1285 969 1319 Die
989 1284 1023 1319 S.
1042 1284 1203 1319 Thomae
1222 1285 1290 1331 Ap.
1321 1286 1471 1330 (ibidem
1492 1286 1550 1320 vel
1569 1286 1612 1320 ad
1634 1285 1669 1321 S.
1689 1286 1863 1330 Ioannis),
1891 1286 2070 1330 quomodo

966 1338 1134 1374 Christus
1171 1339 1337 1375 omnibus
1372 1340 1521 1384 regibus
1556 1342 1739 1386 praestet,
1776 1340 1925 1386 exponit
1961 1342 1997 1375 et
2024 1351 2071 1374 ex

965 1404 1097 1437 evang.
1137 1393 1207 1428 diei
1246 1394 1374 1429 fideles
1412 1395 1457 1429 ad
1497 1407 1640 1430 sacram
1679 1394 1969 1429 communionem
2011 1394 2070 1440 pie

965 1448 1177 1482 sumendam
1206 1448 1375 1484 hortatur
1403 1449 1517 1493 (827).

905 1502 943 1537 F.
971 1502 1033 1537 IV.
1063 1502 1125 1547 (ad
1153 1502 1187 1537 S.
1215 1503 1381 1545 Ioannis,
1413 1505 1453 1538 ut
1480 1502 1642 1548 videtur)
1671 1516 1718 1538 ex
1743 1503 1935 1549 prophetia
1961 1503 2071 1538 Ionae

966 1556 1211 1592 laudationem
1240 1558 1306 1592 Dei
1334 1560 1370 1592 et
1396 1561 1484 1592 vota
1511 1558 1742 1592 commendat
1769 1557 1885 1601 (827).

906 1610 972 1645 Die
991 1611 1209 1646 Nativitatis
1227 1611 1371 1647 Domini
1398 1612 1435 1646 in
1454 1612 1542 1647 eccl.
1562 1611 1763 1647 cathedrali
1783 1612 1826 1646 de
1846 1611 1915 1646 diei
1934 1612 2072 1655 magni-

966 1666 1111 1709 tudine,
1149 1667 1192 1700 de
1220 1666 1365 1701 Christo
1392 1667 1429 1701 in
1456 1667 1534 1712 ipso
1561 1668 1641 1701 ortu
1677 1667 1815 1710 regiam
1853 1666 2072 1710 dignitatem

967 1723 1004 1754 et
1029 1723 1252 1766 potestatem
1279 1721 1546 1767 patefaciente,
1575 1721 1617 1755 de
1645 1720 1768 1755 eodem
1796 1722 1896 1755 recte
1923 1719 2072 1754 colendo

967 1775 1199 1810 contionatur
1230 1776 1345 1820 (827).

906 1828 974 1863 Die
1001 1829 1035 1864 S.
1064 1829 1240 1875 Stephani
1267 1830 1399 1865 ibidem
1429 1831 1472 1865 de
1499 1830 1578 1876 ipso
1605 1829 1724 1871 factis,
1761 1829 1940 1873 quomodo
1972 1829 2073 1863 cives

967 1884 1071 1928 regni
1091 1884 1229 1919 Christi
1255 1897 1294 1919 se
1322 1897 1450 1929 gerere
1477 1884 1643 1926 debeant,
1671 1884 1823 1918 docente
1851 1885 1887 1917 et
1906 1883 1949 1917 de
1972 1894 2073 1928 „pec-

968 1938 1060 1972 catis
1088 1938 1236 1973 alienis“
1268 1940 1356 1974 dicit
1385 1939 1501 1983 (827).

908 1992 975 2027 Die
994 1991 1027 2027 S.
1048 1993 1192 2028 Ioannis
1212 1993 1473 2038 Evangelistae
1496 1993 1628 2028 ibidem
1648 1991 1819 2032 ostendit,
1844 1991 2010 2026 homines
2035 1990 2072 2025 in

968 2059 1119 2090 regnum
1149 2047 1284 2083 Christi
1312 2060 1377 2093 per
1402 2048 1510 2082 fidem
1538 2059 1664 2082 verani
1700 2045 1840 2090 ingredi
1878 2047 1914 2079 et
1949 2045 1983 2079 in
2021 2057 2072 2087 eo,

969 2102 1136 2147 exemplo
1163 2102 1328 2144 Ioannis,
1355 2105 1545 2148 peccatum
1573 2101 1767 2145 fugiendo,
1799 2100 1990 2134 caritatem
2018 2110 2073 2134 co-

968 2155 1093 2197 lendo,
1137 2156 1293 2191 adversa
1331 2169 1395 2202 pro
1434 2156 1509 2191 Deo
1548 2155 1697 2190 ferendo
1735 2166 1883 2189 manere
1921 2153 2072 2194 debere;

969 2210 1077 2245 simul
1105 2210 1356 2254 virginitatem
1385 2210 1614 2245 commendat
1643 2209 1758 2253 (827).

912 2266 1054 2299 Cani-sii
1084 2266 1327 2299 Catechz'smus
1353 2266 1517 2308 (Parcus
1546 2263 1833 2304 Catholicornm)
1867 2262 2073 2306 germanice

970 2331 1092 2354 versu-s·
1116 2331 1192 2353 mm
1216 2331 1294 2353 cum
1315 2321 1467 2354 eiusdem
1488 2319 1601 2353 Libro
1622 2319 1874 2362 precationum
1892 2317 2073 2360 ²carmani-

971 2386 1095 2407 σανα-υτ
1126 2375 1298 2417 Dilinyae
1323 2376 1448 2417 tenso,
1475 2374 1519 2407 ab
1546 2377 1693 2407 auctore
1717 2373 1833 2405 denuo
1860 2371 2073 2414 recoquituS,

971 2430 1007 2461 in
1036 2429 1146 2462 lucem
1175 2430 1350 2462 emittitur
1379 2427 1519 2471 (1015).

914 2484 1056 2517 Caninii
1092 2484 1264 2526 „Summa
1301 2483 1487 2516 doctrinae
1522 2479 1764 2515 ‹·hristianae“
1804 2480 1915 2513 latine
1958 2479 2074 2512 denuo

971 2538 1093 2570 editur
1120 2539 1340 2580 Antverpiae
1375 2537 1475 2580 apud
1501 2537 1673 2569 Ioannem
1701 2535 1880 2568 Bellorum
1918 2537 1947 2566 et
1978 2533 2074 2576 Lug]-

972 2593 1064 2625 (Inni
1090 2592 1189 2635 apud
1216 2591 1424 2624 Michaelem
1452 2591 1588 2624 lorium
1619 2588 1728 2632 (1022
1758 2587 1881 2630 1023).

916 2647 1058 2681 Canisii
1077 2647 1240 2689 „Parvus
1261 2645 1503 2679 (fatecieismus
1524 2640 1812 2677 Catholicornm“
1840 2642 1952 2674 latine
1973 2640 2074 2674 Colo-

974 2702 1056 2734 niae
1074 2701 1190 2733 denuo
1208 2711 1228 2732 a
1244 2700 1411 2733 Materno
1428 2699 1578 2732 Claeolt'no
1594 2697 1700 2740 (bis),
1720 2697 1892 2738 Dilinyae
1907 2705 1979 2727 una
1994 2705 2073 2727 cum

974 2756 1074 2788 Petri
1087 2766 1108 2787 (ι
1125 2755 1209 2788 Solo
1226 2751 1485 2797 „Conwendid‘
1504 2752 1717 2785 anctoritate
1732 2749 1936 2784 cardinalis
1949 2749 2073 2791 Anqu-

972 2810 1070 2842 slam'
1088 2820 1110 2841 ιι
1130 2808 1282 2842 Sebaldo
1298 2808 1426 2851 Mayer
1444 2808 1480 2839 in
1501 2806 1610 2839 lucem
1631 2806 1804 2838 emittitur
1825 2803 1933 2846 (1023
1952 2800 2072 2844 1024).

893 2871 895 2907 l
918 2864 1059 2898 Calvisii
1087 2863 1252 2906 „Parvus
1282 2861 1523 2894 catechismus
1552 2855 1843 2893 Cathol1·‹.·o›·m›1“
1882 2869 1903 2889 a
1930 2857 1970 2890 P.
1998 2857 2072 2890 An-

974 2919 1071 2951 lom'o
1100 2917 1287 2949 Possevino
1317 2916 1352 2948 S.
1371 2916 1407 2948 J.
1436 2914 1688 2957 amplificatus,
1716 2913 1835 2946 Monte
1861 2911 1988 2953 Regali
2015 2910 2074 2951 (ut

976 2972 1135 3005 ridetur)
1165 2970 1283 3002 italice
1309 2970 1428 3002 editur
1458 2967 1598 3010 (1025).

917 3027 1060 3060 Cani-sii
1097 3024 1338 3057 Cam-hisnms
1372 3023 1544 3055 minimus-
1579 3022 1678 3065 isque
1712 3021 1850 3053 latinus
1887 3027 1959 3051 una
1995 3028 2073 3050 cum

978 3081 1136 3113 Codretti'
1175 3078 1425 3111 Grammalica
1461 3076 1576 3109 latina
1614 3074 1829 3117 Inyolstadii
1863 3073 1978 3105 denuo
2015 3081 2072 3103 em-

963 3135 1110 3167 cna'iwr
1138 3131 1278 3174 (1025).
