2182 3339
245 84 381 113 XXXII
795 68 840 104 ΙΙ.
878 69 1107 103 Prooemium
1134 69 1330 104 voluminis
1357 70 1489 114 quarti.

246 187 366 221 siones
393 188 429 220 et
455 186 646 221 verborum
685 198 840 231 pugnae.
894 187 946 221 Ac
973 186 1183 232 praeclarus
1219 187 1364 232 quidem
1400 188 1458 222 vir
1493 188 1700 223 Fridericus
1727 187 1928 234 Staphylus
1955 200 2034 223 cum

247 240 440 275 Societatis
466 240 672 275 hominibus
700 240 735 274 in
763 240 961 275 amicitiam
998 240 1106 275 rediit
1136 241 1218 283 (301
1249 242 1316 276 306
1345 241 1429 285 330)
1460 244 1497 276 et
1521 261 1568 265 —
1594 242 1629 276 id
1657 242 1751 286 quod
1778 242 1905 277 nullibi
1932 242 2037 277 video

246 297 486 329 memoratum
505 314 551 318 —-
570 294 664 328 inter
690 306 814 328 eorum
841 306 971 329 manus
999 295 1204 339 exspiravit
1225 295 1350 339 (931);
1379 296 1423 330 ad
1444 295 1656 330 Clenckium
1684 299 1803 330 autem
1831 296 2038 340 theologiae

246 349 426 383 doctorem
465 348 658 383 creandum
686 348 859 382 adiuvare
887 347 981 383 Socii
1010 348 1125 383 Lainii
1153 349 1253 384 iussu
1281 352 1492 384 constanter
1518 352 1736 384 recusarunt
1761 350 1842 392 (137
1873 351 1940 385 146
1967 350 2036 385 383

247 402 345 446 399).
390 401 488 444 Quas
514 403 640 437 turbas
667 403 901 437 considerans
920 402 1068 437 Lainius
1089 403 1233 437 Canisio
1259 403 1417 449 scripsit,
1446 404 1645 439 curandum
1672 404 1740 449 ipsi
1768 404 1863 449 apud
1883 403 2036 439 Eckium

247 457 349 491 ducis
376 456 632 491 cancellarium
660 468 760 497 esse,
791 459 833 491 ut
868 457 1045 501 paulatim
1074 457 1287 501 Ingolstadii
1325 460 1361 492 et
1387 457 1593 501 theologica
1620 457 1778 492 facultas
1807 457 1977 493 universa
2002 460 2039 493 et

247 511 363 545 omnis
388 511 548 545 facultas
574 510 827 556 philosophica
845 510 1018 545 Societati
1046 511 1254 545 traderetur
1275 511 1360 555 (542
1381 512 1487 554 77l):
1517 514 1555 546 at
1573 514 1715 546 tantum
1743 512 1881 553 aberat,
1907 514 1948 546 ut
1971 511 2039 546 hoc

247 564 464 607 efficeretur,
491 566 532 599 ut
549 565 663 610 ipsius
682 565 784 599 ducis
803 565 1060 599 auctoritatem
1087 565 1266 610 interponi
1286 577 1435 599 necesse
1455 569 1563 606 esse-t,
1590 578 1634 600 ne
1654 566 1877 601 universitas
1895 578 1915 600 a
1937 577 2036 608 „con-

246 618 328 654 silio
355 619 582 654 academico‘
613 618 806 654 Societatis
832 620 1057 664 professores
1085 618 1296 654 excluderet
1324 619 1409 663 (569
1437 620 1508 654 534
1534 620 1603 655 593
1631 620 1729 663 595).

368 673 548 708 Bavariae
575 673 649 708 dux
676 673 785 707 etiam
816 685 912 707 nova
939 673 1132 707 Societatis
1169 673 1323 717 collegia
1359 674 1553 708 instituere
1590 674 1775 718 cogitabat
1804 674 1838 717 (7
1867 674 1911 708 27
1940 673 2038 717 938).

248 727 388 761 Similia
416 727 567 762 consilia
594 728 629 762 in
657 727 740 762 aliis
768 727 985 762 Germaniae
1020 727 1186 772 partibus
1218 730 1326 772 capta
1353 730 1449 762 sunt.
1501 728 1554 762 De
1582 728 1748 772 collegiis
1774 727 1977 772 salisburgi
2003 730 2040 762 et

248 781 414 826 Friburgi
428 782 644 825 Brisgoviae
664 781 860 816 condendis
879 793 959 816 cum
981 781 1126 816 Canisio
1145 783 1265 816 actum
1289 782 1350 823 (14
1370 782 1414 816 38
1432 782 1477 816 42
1499 783 1564 816 111
1589 783 1655 817 124
1676 783 1743 817 158
1763 782 1831 816 215
1850 782 1919 816 222
1939 781 2040 824 525).

249 834 452 870 Cardinalis
472 836 606 870 Hosius
625 836 906 878 Braunsbergae
925 836 959 869 in
980 835 1129 870 Varmia
1149 847 1180 870 a.
1204 836 1295 870 1564
1314 835 1507 880 collegium
1531 836 1731 878 constituit,
1759 835 1956 870 adiuvante
1975 835 2039 870 Ca·

248 890 340 924 nisio
362 889 445 933 (581
468 890 536 925 598
557 890 625 924 613
646 890 713 925 641
742 890 811 924 655
832 890 901 924 753
923 889 1020 933 796).
1066 889 1179 931 Quem
1208 890 1318 924 etiam
1346 890 1465 935 ipsum
1484 890 1520 924 in
1541 890 1728 925 Varmiam
1756 890 1902 925 venisse
1928 888 2040 934 aliqui

249 943 494 979 affirmarunt:
524 956 594 978 non
613 944 758 978 venisse
777 955 823 978 ex
842 943 949 978 liuius
968 943 1164 977 voluminis
1189 944 1432 979 monumentis
1451 944 1664 986 certissime,
1684 947 1782 990 puto,
1809 943 2042 987 cognoscitur

252 998 337 1040 (666
357 997 426 1033 780
449 998 569 1042 1051).
613 998 731 1032 Avide
750 997 943 1041 collegium
963 998 1159 1043 expetebat
1179 998 1371 1043 episcopus
1390 998 1654 1044 herbipolensis
1680 999 1848 1043 idemque
1867 997 2041 1032 Franciae

248 1052 436 1086 orientalis
455 1053 530 1087 dux
550 1053 637 1096 (104
655 1051 759 1096 404);
791 1052 851 1096 qui
879 1064 960 1086 cum
988 1051 1122 1086 litteris
1148 1051 1239 1086 nihil
1266 1053 1492 1097 profecisset,
1521 1064 1552 1088 a.
1575 1053 1667 1088 1564
1694 1065 1756 1098 per
1783 1052 2041 1087 cancellarium

250 1107 455 1150 Augustam
482 1107 635 1141 missum
664 1106 848 1141 Canisium
876 1105 1101 1151 Herbipolim
1137 1106 1387 1140 adducendum
1415 1107 1578 1148 curavit,
1615 1109 1655 1141 ut
1681 1119 1761 1141 cum
1789 1118 1829 1141 eo
1855 1106 2042 1150 negotium

250 1172 371 1195 coram
397 1162 576 1195 tractaret
605 1160 692 1204 (642
723 1161 844 1203 1044).

372 1214 572 1249 Maximum
601 1215 762 1249 fructum
790 1217 868 1249 tota
887 1213 1020 1249 Suebia
1045 1226 1110 1259 per
1136 1213 1219 1259 plus
1245 1225 1354 1259 quam
1380 1215 1449 1249 duo
1476 1215 1621 1249 saecula
1648 1217 1866 1260 perceptura
1891 1216 1971 1248 erat
1997 1225 2043 1248 ex

251 1280 302 1309 00,
330 1268 424 1313 quod
453 1268 539 1303 Otto
567 1269 764 1303 cardinalis
790 1268 994 1303 Truchsess
1022 1268 1214 1314 episcopus
1241 1271 1469 1313 augustanus
1496 1268 1667 1313 Dilingae
1686 1280 1716 1303 a.
1739 1269 1830 1303 1563
1850 1267 2044 1303 societatis

251 1322 445 1366 collegium
472 1323 650 1359 instituit.
688 1334 719 1357 a.
751 1323 842 1357 1564
873 1322 1152 1357 universitatem
1180 1325 1216 1356 et
1243 1323 1519 1357 contubernium
1557 1322 1833 1357 adulescentum
1860 1322 1929 1356 iam
1959 1323 2043 1355 ante

252 1389 272 1411 a
299 1389 337 1412 se
366 1377 509 1412 condita
529 1378 701 1412 Societati
729 1377 880 1411 tradidit
907 1376 1079 1421 regenda.
1123 1376 1190 1417 Qui
1217 1389 1333 1422 nuper
1359 1377 1569 1411 universam
1597 1377 1806 1412 academiae
1835 1375 2042 1419 dilinganae

251 1431 440 1466 historiam
468 1432 600 1466 eximio
628 1431 812 1467 volumine
848 1430 1140 1476 comprehendit,
1176 1431 1237 1465 Dr.
1271 1431 1424 1466 leomas
1451 1432 1594 1475 Sper-ht,
1628 1430 1833 1475 theologiae
1859 1430 2044 1475 professor

252 1485 480 1530 dilinganus,
506 1486 645 1520 factum
672 1485 741 1520 hoc
768 1498 811 1520 ex
840 1485 930 1531 ipsis
956 1485 1118 1520 fontibus
1145 1488 1315 1520 accurate
1342 1485 1526 1528 narravit,
1563 1485 1724 1520 breviter
1749 1488 1892 1526 tamen,
1920 1486 1961 1518 nt
1986 1494 2044 1518 res

252 1541 332 1585 ipsa
359 1540 510 1575 ferebat.
563 1539 714 1583 Singula
741 1540 776 1574 in
803 1540 870 1574 hoc
898 1539 1083 1574 volumine
1110 1539 1306 1581 canisiano,
1335 1542 1375 1574 ut
1400 1542 1507 1583 gesta
1533 1542 1630 1581 sunt,
1660 1550 1869 1585 persequor.
1920 1537 2044 1572 Habes

253 1595 390 1638 grande
416 1594 505 1629 illud
533 1594 690 1639 diploma
718 1594 796 1635 vel,
824 1594 855 1628 si
882 1594 934 1628 ita
962 1593 1081 1628 dicere
1106 1593 1226 1635 lubet,
1262 1594 1514 1628 translationis
1540 1593 1703 1635 litteras,
1731 1593 1880 1638 quibus,
1908 1594 2044 1636 quanto

254 1660 375 1683 amore
401 1650 561 1694 optimus
597 1648 793 1683 cardinalis
831 1659 910 1682 eam
946 1648 1107 1683 scholam
1145 1648 1356 1693 complexus
1383 1648 1450 1689 sit,
1487 1659 1595 1692 quam
1622 1647 1680 1693 pio
1706 1647 1945 1691 sollemnique
1971 1646 2045 1680 ritu

253 1703 476 1737 universitas
502 1702 537 1737 in
566 1701 785 1737 Societatem
812 1702 992 1737 translata
1020 1705 1055 1736 et
1082 1701 1219 1747 primus
1247 1702 1279 1736 ei
1306 1702 1349 1736 de
1376 1701 1558 1736 Societate
1585 1705 1704 1736 rector
1731 1703 1953 1736 constitutus
1985 1700 2044 1741 sit,

254 1757 458 1791 luculenter
492 1757 651 1791 traditur
680 1757 794 1799 (920).
847 1756 971 1791 Habes
1007 1756 1117 1790 etiam
1155 1756 1395 1791 difficultates
1430 1756 1566 1790 multas
1602 1767 1716 1801 paene
1752 1755 1819 1790 sub
1856 1756 2044 1799 aspectum

255 1812 451 1846 subiectas.
496 1812 601 1846 Anno
631 1811 722 1845 1563
750 1810 912 1845 Societas
939 1810 1122 1854 Dilingam
1161 1810 1262 1844 venit
1299 1811 1413 1845 invita
1440 1821 1557 1855 neque
1591 1810 1661 1844 alia
1688 1809 1827 1844 ratione
1853 1811 1951 1843 mota
1976 1807 2047 1842 nisi

255 1869 295 1900 ut
322 1866 497 1900 cardinali
531 1865 800 1910 gratificaretur
829 1865 915 1909 (314
942 1864 1049 1909 318);
1087 1864 1228 1899 sciebat
1263 1864 1379 1906 enim,
1416 1876 1491 1899 rem
1522 1863 1566 1899 ad
1603 1863 1853 1898 maturitatem
1887 1861 2045 1896 nondum

255 1932 335 1955 csse
353 1920 584 1965 perductam:
606 1919 779 1954 cardinali
800 1920 1001 1964 pecuniam,
1022 1919 1194 1953 Societati
1214 1919 1378 1954 homines
1397 1919 1534 1953 deesse.
1563 1918 1747 1962 Dilingam
1763 1917 1887 1952 Socios
1901 1916 2046 1951 mitten-

256 1975 320 2009 dos
338 1986 408 2009 non
428 1986 508 2009 esse
526 1974 596 2008 nisi
617 1974 775 2014 idoneos,
803 1973 897 2018 quod
929 1973 1108 2017 „egi-egii‘*
1139 1974 1365 2019 professores
1383 1972 1519 2008 scholis
1539 1972 1610 2007 illis
1629 1973 1851 2018 praeessent,
1880 1969 2047 2005 Canisius

255 2031 446 2063 monuerat
475 2028 560 2071 (134
588 2028 687 2071 342).
740 2027 864 2062 Socios
891 2039 999 2073 saepe
1027 2028 1131 2062 audis
1163 2030 1376 2072 querentes,
1417 2027 1511 2071 quod
1539 2026 1736 2061 cardinalis
1763 2025 1950 2071 promissis
1976 2035 2046 2058 non

256 2084 338 2124 stet,
366 2083 458 2127 quod
479 2082 596 2117 multa
622 2082 795 2126 requirat,
823 2093 937 2127 pauca
958 2082 1018 2116 det
1047 2082 1133 2125 (324
1153 2082 1218 2116 361
1241 2081 1310 2116 378
1337 2082 1405 2116 411
1427 2081 1533 2125 669);
1562 2081 1656 2125 quod
1675 2092 1719 2115 ne
1738 2079 1874 2114 viatica
1900 2078 2047 2123 quidem

256 2137 378 2172 solvat
399 2137 484 2180 (503
504 2137 572 2171 615
592 2136 698 2180 650);
728 2135 877 2170 Lainius
896 2147 977 2170 eum
1004 2135 1099 2170 serio
1127 2135 1390 2170 admonendum
1411 2147 1491 2169 esse
1519 2138 1653 2175 censet,
1681 2137 1722 2168 ut
1739 2134 1884 2168 tandem
1905 2132 2048 2167 desinat

257 2202 410 2235 magnas
438 2191 612 2236 pecunias
640 2190 673 2224 in
701 2201 976 2235 supervacanea
1012 2189 1220 2235 impendere
1250 2190 1374 2233 (736),
1411 2189 1442 2223 si
1470 2189 1595 2223 honori
1631 2188 1815 2232 salutique
1842 2185 2047 2222 consultum

258 2245 347 2279 velit
369 2246 454 2288 (615
475 2245 542 2279 719
563 2245 661 2285 740).
706 2244 858 2278 Frustra
885 2243 993 2278 etiam
1019 2243 1188 2278 Canisius
1215 2243 1249 2277 id
1277 2243 1505 2284 moliebatur,
1534 2246 1575 2277 ut
1601 2241 1809 2277 cathedrale
1836 2239 2048 2286 capitulum,

258 2310 351 2343 qnae
386 2298 582 2333 cardinalis
619 2298 662 2332 de
696 2298 811 2332 Sociis
847 2298 1060 2338 statuisset,
1098 2300 1179 2332 rata
1215 2297 1367 2332 haberet
1395 2298 1482 2339 (334
1509 2298 1575 2331 341
1606 2297 1674 2331 379
1702 2296 1802 2338 595).
1854 2295 2046 2329 Praeterea

259 2353 352 2387 Socii
381 2352 557 2397 dilingani
576 2352 611 2386 in
640 2352 878 2386 habitationis
905 2352 1087 2395 angustiis
1115 2353 1237 2386 erant:
1267 2351 1370 2386 horto
1399 2362 1540 2395 quoquo
1559 2351 1733 2385 carebant
1754 2350 1840 2393 (334
1858 2348 1927 2383 430
1947 2346 2047 2391 543).

260 2407 404 2441 Primus
430 2418 552 2440 corum
580 2409 699 2440 rector
726 2405 901 2439 cardinali
930 2417 1058 2450 parum
1089 2407 1167 2439 erat
1195 2406 1323 2448 gratus
1353 2404 1476 2448 (670);
1507 2407 1542 2438 et
1570 2405 1646 2448 ipse
1673 2406 1710 2437 et
1735 2401 1795 2437 alii
1824 2402 1867 2435 de
1894 2399 2048 2443 collegio

257 2461 413 2495 adversa
449 2459 658 2494 valetudine
694 2459 975 2502 affligebantur;
1013 2471 1057 2493 ex
1085 2458 1274 2502 magistris
1310 2469 1402 2492 unus
1440 2457 1585 2501 aufugit
1613 2457 1737 2499 (422):
1779 2455 1873 2490 alius
1899 2465 2048 2500 corpore

259 2517 411 2554 tantum,
438 2517 479 2548 ut
506 2514 674 2549 Canisius
700 2513 837 2554 scribit,
866 2514 900 2547 in
928 2513 1109 2547 Societate
1136 2516 1214 2546 erat
1245 2513 1328 2555 (707
1358 2512 1455 2554 741),
1494 2511 1716 2556 sponsalium
1744 2509 1801 2544 vel
1830 2508 2049 2543 matrimonii

259 2580 279 2602 a
306 2580 345 2603 se
372 2568 451 2602 initi
478 2568 626 2602 obtentu
655 2571 821 2602 votorum
848 2567 1099 2611 religiosorum
1120 2566 1335 2601 solutionem
1356 2569 1532 2611 expetens
1554 2565 1678 2607 (To-„m
1706 2564 1846 2605 tertius,
1874 2563 1977 2607 isque
1997 2562 2049 2596 iu·

261 2623 363 2657 venis
381 2621 709 2666 luxemburgensis,
729 2633 810 2655 cum
830 2621 912 2655 aliis
930 2621 1140 2658 rationibus,
1167 2623 1242 2654 tum
1263 2621 1433 2659 carmine,
1453 2619 1546 2663 quod
1571 2617 1904 2661 „Lamentationem
1926 2617 2049 2650 l-liere-

260 2676 372 2710 miae“
401 2677 637 2721 inscripserat
657 2676 773 2717 (500),
801 2675 1019 2709 Societatem
1039 2674 1240 2718 sugillabat
1261 2675 1346 2716 (423
1365 2674 1434 2708 4:33
1456 2673 1557 2710 7133:
1587 2675 1749 2716 quartus.
1778 2672 1881 2716 isque
1908 2669 2049 2705 iuvenis

262 2730 455 2775 hispanus,
483 2730 525 2764 de
552 2730 805 2764 alimentorum
833 2729 983 2774 penuria
1010 2728 1317 2772 conquerebatur.
1345 2739 1426 2761 cum
1454 2727 1611 2761 culinam
1639 2725 1862 2770 ingrediendi
1890 2728 1927 2759 et
1952 2723 2050 2768 quio-

261 2785 345 2827 quid
374 2784 555 2818 arrisisset
583 2783 747 2817 sumendi
777 2783 953 2817 facultate
982 2785 1080 2817 esset
1108 2782 1262 2816 donatus
1292 2782 1371 2824 (471
1404 2781 1502 2818 500).
1557 2780 1702 2815 Canisio
1739 2780 1807 2814 fuit
1841 2790 1951 2824 saepe
1977 2778 2049 2812 Au-

262 2840 387 2878 gusta.
424 2838 482 2872 ubi
519 2837 739 2872 domicilium
776 2837 953 2877 habebat,
991 2836 1174 2879 Dilingam
1213 2836 1388 2875 eundum,
1427 2835 1518 2869 ratio
1554 2834 1758 2868 studiorum
1784 2833 1828 2867 ad
1857 2831 2050 2867 Societatis

261 2891 362 2935 leges
397 2892 749 2935 consuetudinesque
785 2890 1090 2925 accommodanda
1130 2890 1215 2932 (388
1250 2890 1319 2923 455
1351 2890 1420 2923 478
1456 2888 1563 2926 497),
1601 2887 1838 2925 bibliotheca,
1874 2897 1918 2920 ne
1955 2884 2049 2920 Socii

263 2945 398 2989 (inquit
418 2946 509 2990 ipse)
531 2946 633 2979 velut
657 2945 811 2981 „milites
830 2945 967 2987 absque
987 2944 1117 2978 armis“
1141 2947 1262 2977 essent
1282 2942 1396 2986 (337),
1416 2942 1648 2988 providenda,
1668 2941 1855 2975 molestiae
1874 2939 2050 2985 plurimae

263 2999 501 3033 devorandae.
556 2999 592 3032 ln
622 2999 752 3043 quibus
781 2999 841 3033 ille
867 2998 960 3033 hunc
988 2998 1145 3032 habebat
1172 2997 1464 3037 consolationem,
1493 2996 1598 3040 quod.
1630 2995 1798 3040 quamvis
1824 3004 1953 3028 severa
1980 2992 2049 3026 dis-

262 3053 371 3098 cipuli
399 3056 652 3087 coercerentur
679 3065 816 3087 morum
845 3052 1035 3097 disciplina
1057 3052 1169 3095 (5¹24).
1199 3063 1319 3085 eorum
1348 3062 1520 3085 numerus
1547 3061 1661 3095 paene
1688 3049 1723 3083 in
1750 3048 1826 3082 dies
1847 3046 2051 3090 augebatur

266 3108 350 3144 (385
378 3107 447 3141 424
475 3107 544 3140 :324
572 3107 670 3141 669).
