2182 3339
254 87 366 115 XLVI

309 191 423 232 1563
477 188 478 210 ³

308 397 423 438 1563

310 601 422 642 1563
476 581 585 652 {sub
620 600 690 641 24.
725 597 829 640 Maii

318 810 408 845 1563
477 782 478 861 ᾗ

309 945 422 986 1563
476 958 478 995 1

309 1083 422 1125 1563

317 1232 409 1267 1563

317 1341 408 1376 1563

317 1504 408 1539 1563

319 1613 408 1648 1563

316 1722 408 1756 1563

318 1885 409 1920 1563

318 1993 409 2028 1563

317 2048 410 2083 1563

320 2211 410 2245 1563

311 2347 424 2387 1563

320 2422 410 2457 1563
478 2402 479 2432 ³

319 2693 411 2728 1563

320 2854 411 2889 1563

322 3017 411 3051 1563

477 1063 572 1124 'sub
595 1083 726 1124 finem
744 1080 851 1123 Maii

479 2851 602 2890 ,inter
632 2852 686 2887 13.
715 2854 751 2886 et
779 2826 872 2886 33.Κ

479 2924 480 2928 =
516 2906 582 2940 1111.
614 2905 686 2949 (18.
716 2906 830 2950 Iul.‘?)

721 70 783 104 ΙΙΙ.
822 69 983 104 Tabulae
1012 67 1288 113 chronologicae
1316 68 1414 103 vitae
1443 68 1590 104 Canisii.

563 188 669 231 Maii
704 190 773 231 22.

563 392 668 436 Maii
705 395 775 438 22.

584 807 672 842 Maii
699 808 756 843 24.

563 942 670 985 Maii
706 943 777 985 25.

534 1232 602 1266 sub
628 1232 685 1267 29.
714 1230 801 1265 Maii

491 1340 548 1375 29.
583 1340 644 1374 vel
678 1339 734 1375 30.
763 1339 851 1374 Maii

526 1503 624 1538 Maio
651 1505 688 1538 et
715 1502 817 1538 Iunio

602 1612 678 1646 Iun.
708 1612 740 1646 2.

528 1721 605 1755 Iun.
632 1721 666 1755 4.
695 1720 754 1755 vel
782 1721 814 1755 5.

589 1883 668 1918 11111.
699 1883 754 1918 12.

589 1991 667 2026 11111.
698 1992 753 2026 15.

493 2046 589 2080 inter
616 2046 672 2081 24.
700 2046 778 2080 11111.
816 2047 853 2080 et

491 2101 524 2135 4.
538 2100 619 2134 Iulii
636 2100 708 2143 (24.
721 2100 781 2134 vel
794 2100 851 2135 25.

493 2156 588 2196 Iun.,
621 2156 663 2189 ut
689 2153 850 2199 videtur)

540 2208 630 2243 Iulio
657 2209 804 2243 ineunte

508 2345 612 2385 ante
648 2344 715 2386 11.
751 2343 830 2386 1111.
871 2324 872 2338 ¹

598 2418 664 2453 Iul.
694 2420 748 2454 11.

597 2689 661 2724 Iul.
692 2689 747 2724 18.

597 3016 663 3050 1111.
692 3016 748 3050 22.

890 189 996 231 011111
1030 188 1310 231 Ferdinando
1343 188 1375 231 I.
1413 203 1563 232 coram
1606 189 1659 232 de
1702 190 1833 233 rebus
1868 191 2054 243 concilii,

951 254 1004 297 de
1039 254 1223 309 collegio
1252 254 1571 310 oeffipontano,
1616 256 1669 298 de
1706 256 1943 300 haereticis
1982 272 2055 300 co-

951 321 1149 363 ercendis
1183 321 1278 376 agit
1311 322 1451 375 (213).

891 393 1017 436 Ferd.
1052 393 1084 436 I.
1121 393 1370 448 Capitulum
1414 396 1712 448 augustanum
1758 409 1837 450 per
1878 395 2055 438 litteras

949 462 1103 514 rogat,
1147 463 1197 503 ut
1230 459 1450 502 Canisium
1498 460 1662 504 diutius
1694 475 1842 503 secum
1876 476 2056 504 manere

950 526 1148 581 patiatur
1181 526 1320 581 (974).

891 597 1094 640 Canisius
1117 598 1164 641 P.
1189 598 1450 640 Hermetem
1473 598 1707 653 Halbpaur
1730 598 1772 642 S.
1797 599 1837 642 J.
1863 599 2055 654 quinque

950 663 1230 720 imperatoris
1275 664 1464 707 filiarum
1508 664 1754 720 Oeniponte
1801 665 2054 720 degentium

952 730 1270 774 confessarium
1305 730 1535 774 constituit
1568 731 1672 784 (219
1709 731 1829 785 234).

891 809 1075 852 Scriptum
1112 809 1293 852 quoddam
1325 808 1367 841 P.
1404 808 1540 842 Costeri
1574 811 1792 852 recoynoseit
1827 809 2055 853 eundemque,

951 874 1042 907 quae
1068 864 1107 896 in
1134 874 1172 896 eo
1198 863 1420 896 emendanda
1447 863 1531 906 sint,
1553 875 1624 906 per
1648 864 1789 897 litteras
1816 864 1913 897 docet
1937 862 2054 907 (217).

890 942 1134 985 Cardinalis
1167 941 1330 984 Hosius
1364 941 1582 984 Canisium
1626 956 1704 997 per
1744 942 1920 985 litteras
1952 942 2054 985 hor-

950 1011 1085 1059 tatur,
1120 1011 1169 1051 ut
1202 1008 1461 1051 Tridentum
1494 1008 1648 1052 veniat
1682 1007 1822 1063 (219).

889 1082 993 1125 Can.
1016 1081 1274 1136 imperatori
1307 1081 1560 1136 persuadet,
1595 1083 1644 1124 ut
1677 1081 1909 1135 collegium
1935 1082 2056 1125 03111-

949 1151 1192 1203 pontanum
1226 1147 1495 1203 amplificare
1528 1149 1700 1191 statuat
1735 1147 1874 1203 (228).

870 1256 872 1262 ,
890 1230 1132 1276 Magdalenae
1153 1232 1190 1265 et
1208 1230 1433 1273 Margaritae
1456 1230 1507 1274 (et
1526 1230 1710 1265 Barbarae
1723 1230 1772 1274 ‘?),
1799 1229 1957 1265 filiarum
1977 1241 2055 1265 cae-

950 1286 1056 1325 saris,
1084 1284 1333 1319 confessiones
1361 1285 1499 1330 excipit
1526 1284 1644 1329 (228).

871 1341 1028 1384 *vigilia
1064 1339 1125 1374 vel
1151 1339 1341 1374 Dominica
1369 1339 1608 1374 Pentecostes
1645 1339 1877 1374 contionatur
1912 1341 1950 1374 et
1984 1338 2055 1372 vir-

950 1395 1072 1439 ginem
1091 1393 1284 1428 valacham
1304 1393 1540 1435 sollemniter,
1561 1393 1769 1428 astantibus
1788 1393 1949 1428 caesaris
1963 1393 2055 1427 filia-

950 1449 1029 1490 bus,
1056 1448 1220 1493 baptizat
1249 1448 1334 1491 (228
1362 1448 1461 1492 944).

891 1505 1028 1548 Aliqua
1065 1505 1102 1537 in
1131 1504 1319 1537 Societatis
1353 1504 1592 1546 defensionem
1627 1504 1831 1545 qermcmice
1864 1503 2056 1537 conscribit

951 1560 1123 1592 adversus
1150 1558 1344 1591 Chemm'tic·
1367 1558 1557 1602 „Theologp
1583 1555 1826 1591 Iesuitarunz“
1849 1556 1935 1600 (245
1954 1555 2055 1601 298).

892 1614 1008 1647 Sociis
1034 1613 1295 1646 coloniens-ibus
1321 1613 1447 1656 aliqua
1475 1612 1640 1645 ecclesiae
1665 1612 1908 1654 defendendae
1943 1623 2055 1645 causa

951 1668 995 1701 ab
1022 1669 1110 1711 ipsis
1135 1668 1273 1710 scripta
1300 1667 1448 1700 remittit
1478 1665 1595 1710 (231).

891 1722 947 1757 Ab
975 1721 1190 1756 Ormanetto
1217 1720 1423 1764 legatorum
1460 1720 1602 1754 concilii
1637 1719 1813 1755 mandatu
1849 1719 1892 1754 de
1929 1719 2055 1754 calicis

951 1776 1098 1820 negotio
1118 1774 1299 1809 Bavariae
1326 1774 1455 1809 ducem
1482 1774 1639 1809 adeunte
1658 1774 1831 1809 invisitur
1849 1774 1954 1818 eique
1974 1786 2054 1809 con-

951 1830 1033 1865 silia
1060 1829 1278 1874 litterasque
1305 1828 1368 1863 dat
1396 1828 1510 1872 (238).

892 1886 1009 1920 Sociis
1035 1884 1296 1919 coloniensibus
1322 1885 1438 1917 denuo
1465 1883 1589 1928 aliqua
1618 1884 1662 1917 ab
1687 1885 1777 1927 ipsis
1806 1894 1873 1927 pro
1910 1883 2053 1917 ecclesia

949 1940 1086 1983 scripta
1114 1943 1145 1972 et
1171 1950 1193 1971 a
1220 1939 1357 1972 Lac'nc'o
1385 1939 1568 1981 recoquita
1594 1939 1743 1971 remittit
1772 1936 1887 1981 (248).

890 1993 1063 2028 Friderici
1091 1991 1261 2037 staphyli
1287 1993 1510 2026 testamento
1536 1991 1704 2026 faciendo
1731 1991 1886 2026 interest
1913 1990 2030 2035 (946).

890 2047 1105 2093 Oeniponte,
1133 2048 1315 2081 conventu
1343 2045 1595 2090 theologorum
1622 2045 1757 2087 soluto,
1786 2045 1941 2080 discedit
1967 2044 2055 2089 (272

950 2103 1051 2146 274)

890 2209 1072 2245 Monachii
1110 2211 1147 2243 et
1172 2208 1388 2252 Ingolstadii
1425 2207 1460 2241 in
1490 2206 1684 2242 Societatis
1719 2207 1876 2252 collegia
1913 2207 1969 2251 (ut
2000 2208 2052 2241 vi-

951 2264 1071 2307 detur)
1102 2263 1307 2298 devertitur
1336 2262 1452 2307 (300).

891 2343 1140 2399 Augustam
1173 2342 1289 2384 redit
1323 2341 1428 2395 (288
1464 2340 1585 2394 820).

890 2420 992 2455 Dom.
1020 2419 1082 2453 VI.
1119 2420 1202 2464 post
1228 2419 1332 2452 Pent.
1369 2417 1404 2451 in
1441 2417 1528 2451 eccl.
1562 2416 1782 2457 cathedrali,
1820 2416 1936 2461 prima
1970 2418 2054 2462 post

949 2474 1106 2509 reditum
1135 2473 1311 2514 contione,
1339 2471 1401 2506 IV.
1420 2475 1655 2517 praeceptum
1684 2482 1865 2516 exponere
1884 2481 2052 2516 pergens,

950 2529 993 2562 de
1020 2527 1250 2561 institutione
1277 2526 1561 2569 magistratuum
1588 2525 1676 2560 dicit
1702 2528 1739 2558 et
1772 2524 1833 2567 (ex
1859 2523 2052 2568 evangelio

951 2581 1051 2626 diei),
1080 2592 1173 2625 quae
1200 2580 1321 2615 officia
1349 2582 1385 2614 et
1408 2580 1498 2625 ipsis
1525 2583 1562 2614 et
1580 2579 1624 2614 ab
1644 2579 1732 2624 ipsis
1751 2579 1930 2624 praestari
1950 2590 2051 2624 opor-

950 2638 1037 2677 teat,
1066 2636 1215 2681 exponit
1245 2634 1361 2678 (820).

870 2682 871 2694 ¹
890 2691 991 2726 Dom.
1015 2690 1091 2724 Vll.
1116 2695 1199 2734 post
1217 2689 1321 2723 Pent.
1342 2688 1473 2722 ibidem
1493 2687 1536 2721 de
1564 2688 1746 2732 potestate
1772 2686 2052 2729 magistratibus

950 2757 969 2779 a
998 2745 1073 2779 Deo
1100 2744 1186 2778 data
1217 2746 1252 2777 et
1282 2744 1343 2785 (ox
1372 2741 1562 2786 evangelio
1590 2741 1676 2783 diei)
1711 2741 1753 2774 de
1786 2741 1960 2785 temporis
1987 2740 2051 2774 mi·

949 2799 1045 2833 seria
1072 2800 1109 2832 et
1134 2797 1304 2832 remediis
1332 2796 1563 2831 contionatur
1592 2795 1706 2837 (821).

890 2856 967 2895 Quo
994 2853 1051 2887 die
1078 2851 1264 2887 sollemnis
1291 2849 1511 2896 supplicatio
1535 2851 1682 2892 „contra
1702 2849 1863 2893 pestem“
1885 2847 2051 2890 habetur,

950 2919 994 2941 ex
1010 2917 1115 2941 sacro
1129 2908 1307 2949 suggestu
1323 2916 1404 2938 eum
1420 2904 1528 2938 ritum
1549 2903 1604 2944 „in
1618 2902 1739 2936 Verbo
1753 2902 1818 2936 Dei
1834 2902 2046 2936 fundatun1“

950 2972 1030 2995 esse
1046 2960 1282 3000 demonstrat,
1302 2960 1348 2999 et,
1369 2958 1449 3002 „qui
1467 2957 1572 2991 113113ιι
1596 2957 1674 2990 eius
1689 2957 1748 3000 sit,
1768 2955 1918 3001 exponit
1934 2955 2049 2999 (821).

871 3009 955 3049 *Die
983 3014 1018 3048 S.
1037 3014 1176 3048 Mariae
1203 3012 1444 3056 Magdalenae
1471 3011 1505 3045 111
1535 3010 1623 3045 eccl.
1651 3010 1813 3044 cathedr.
1841 3009 1883 3043 de
1910 3009 2050 3043 ratione

950 3068 1019 3102 diei
1047 3068 1141 3102 sacri
1171 3066 1428 3111 (Magdalenae
1455 3064 1715 3110 paenitentiam
1753 3063 1797 3097 ad
1834 3062 2048 3097 imitandum

950 3121 1170 3167 proponens)
1199 3121 1287 3155 dicit
1317 3119 1433 3163 (821).
