2182 3339
616 125 657 159 ll.
696 123 923 158 Prooemium
951 121 1146 156 voluminis
1173 120 1304 165 quarti.
1760 131 1855 159 xxv

70 257 115 279 ex
142 244 220 289 ipso
246 256 418 289 responso
445 255 465 277 a
495 244 530 277 S.
559 243 745 277 Steinhae·›·:
771 241 965 285 exscripta.
1017 239 1094 282 Ego
1133 238 1276 272 litteras
1315 236 1477 279 integras
1513 246 1577 270 suo
1613 234 1690 268 loco
1726 245 1856 279 ponam

74 299 268 342 (75—96):
298 298 353 332 liic
381 309 496 343 panca
524 308 570 331 ex
599 296 642 330 iis
669 308 843 340 excerpo:
875 295 931 328 lus
959 292 1178 339 proponendi
1206 292 1241 326 in
1269 290 1421 325 concilio
1445 289 1557 324 solius
1582 288 1715 323 5111111111
1743 288 1856 333 ponti-

72 353 150 387 ficis
185 355 222 387 et
256 352 458 396 legatorum
487 351 564 385 eins
591 353 647 385 est
685 350 775 393 (78).
830 349 1027 393 Imperator
1064 346 1271 392 pontificem
1299 346 1402 388 roget
1428 343 1532 385 licet,
1568 346 1609 376 ut
1634 342 1712 387 ipse
1739 354 1777 376 se
1805 354 1856 375 rc-

70 407 203 440 formet
229 408 265 440 et
291 405 427 440 curiam
456 405 628 439 reformet
655 415 839 438 romanam
869 402 931 445 (83
950 402 1030 445 88):
1059 400 1358 435 comminationes
1377 400 1498 432 antem
1526 397 1735 442 imperatori
1763 396 1855 441 apud

72 460 277 505 pontificem
298 460 370 499 vix,
398 459 507 493 inimo
526 471 569 492 ne
589 460 651 492 vix
676 457 820 502 quidem
841 456 1065 490 adhibendae
1086 455 1176 498 (77).
1221 454 1252 487 A
1271 451 1529 487 reformatione
1548 450 1670 485 curiae
1689 460 1859 484 romanae

73 514 264 548 concilium
291 526 329 548 se
357 513 539 548 abstinere
566 512 691 548 debet,
719 523 763 545 ne
790 510 982 545 concilium
1009 509 1126 543 maius
1153 519 1234 542 esse
1261 507 1430 541 videatur
1456 505 1644 549 pontificc3
1674 504 1716 538 de
1744 504 1858 549 ponti-

73 568 138 602 fice
169 580 293 610 ,nemo
330 567 483 601 iudicat“
522 566 709 610 (So—88).
761 564 1007 599 Cardinalinm
1045 573 1217 596 numerus
1253 560 1402 595 arbitrio
1438 571 1553 605 papae
1588 558 1858 603 relinquendus.

74 622 224 666 Antiqui
244 633 410 661 canones,
438 621 498 665 qui
518 620 682 663 abrogati
707 621 803 660 sunt,
831 618 926 652 haud
954 617 1061 651 facile
1080 615 1326 655 instaurandi;
1356 615 1522 659 quivero
1542 613 1678 657 vigent,
1706 612 1860 656 urgendi

76 676 166 719 (91).
219 675 554 710 Excommunicatio
590 673 684 708 haud
722 674 773 707 ita
807 672 912 706 facile
939 671 1158 716 usurpanda.
1209 669 1309 703 Nihil
1335 669 1453 712 magis
1480 667 1725 702 necessarium
1752 677 1860 711 quam

74 729 283 764 reformatio
314 729 575 774 „improborum
609 730 645 761 et
680 727 901 772 impurorum
929 725 1164 760 Sacerdotum
1192 723 1440 767 cuiuscunque
1468 721 1623 755 ordinis“
1659 721 1757 763 (85);
1790 731 1860 764 quo

76 784 109 817 in
137 784 282 828 negotio
308 783 378 817 iam
405 782 521 816 multa
548 793 568 815 a
595 781 746 816 concilio
773 782 859 814 sunt
886 780 1015 814 effecta
1044 778 1137 822 (85).
1181 778 1354 812 Attamen
1381 776 1491 810 etiam
1519 775 1700 821 principes
1727 774 1862 818 aliique

74 837 157 871 laici
184 837 371 872 reformari
398 836 531 871 debent
560 835 651 879 (85).
703 835 795 869 Sunt
822 834 957 868 Romae
983 844 1119 878 pravae
1156 831 1457 872 consuetudines,
1505 840 1616 873 „quae
1652 831 1769 863 totum
1796 827 1860 862 Or-

75 891 155 925 bem
183 891 388 933 offendunt‚
426 893 462 924 et
492 890 676 935 publicum
711 888 925 923 scandalum
961 887 1154 932 praebent“
1189 885 1288 929 (88),
1324 896 1367 919 ac
1402 883 1616 918 nominatim
1651 882 1687 916 in
1719 882 1861 927 dispen-

75 945 277 979 sationibus
302 944 459 979 romanis
478 955 632 988 magnae
656 942 923 987 „corruptelae“
947 943 1162 977 cernuntur:
1191 951 1319 973 verum
1345 937 1509 984 pontifici
1535 949 1603 972 sua
1630 936 1863 982 dispensandi

75 1001 240 1044 potestas
267 999 374 1033 debet
401 1001 566 1033 constare
595 998 685 1040 (90).
732 996 991 1041 Exemptiones
1018 993 1321 1029 monasteriorum
1348 993 1538 1037 tantisper,
1566 991 1679 1025 donec
1696 990 1863 1025 monachi

75 1053 335 1094 reformentur,
374 1052 556 1087 tollendae
599 1051 785 1096 (91—92).
850 1050 963 1084 Index
1000 1049 1173 1083 librorum
1211 1047 1474 1093 prohibitorum
1510 1045 1734 1088 mitigandus
1771 1044 1862 1088 (93).

76 1106 239 1148 Scholae,
266 1106 397 1152 synodi
424 1106 672 1147 dioecesanae,
699 1104 932 1139 visitationes
958 1103 1204 1137 instituendae
1233 1100 1419 1145 (92—94).
1470 1100 1527 1134 Ita
1554 1099 1732 1134 Canisius.
1785 1097 1864 1140 Qui,

76 1160 158 1195 aliis
193 1160 374 1204 theologis
401 1162 437 1194 et
472 1160 688 1194 consiliariis
724 1157 933 1203 imperatori
965 1157 1121 1201 „rigida“
1153 1155 1303 1190 consilia
1328 1153 1612 1198 suggerentibus
1642 1153 1742 1196 (230)
1773 1152 1864 1186 eius-

77 1226 146 1258 que
173 1215 332 1249 animum
360 1215 395 1248 111
422 1214 631 1259 pontificem
658 1212 944 1253 concitantibus,
980 1223 1023 1245 ac
1050 1210 1234 1245 cardinale
1261 1209 1498 1252 Letharingo,
1536 1207 1596 1252 qui
1625 1206 1865 1252 Oenipontem

77 1271 239 1311 venerat,
272 1269 412 1313 „ignem
437 1268 610 1303 addent&
637 1267 729 1310 (50),
756 1265 898 1301 concilii
925 1265 1110 1310 praesides
1137 1274 1333 1308 eorumque
1360 1263 1495 1297 amicos
1522 1273 1653 1305 magno
1681 1260 1866 1295 afficiebat

77 1322 211 1357 solacio
251 1321 487 1366 (955-961).
541 1321 708 1356 Canisius
747 1322 830 1366 post
865 1319 1003 1364 aliquot
1041 1318 1286 1353 hebdomades
1325 1329 1346 1352 a
1385 1327 1551 1357 caesare,
1586 1318 1627 1349 ut
1665 1315 1733 1349 sibi
1772 1314 1865 1357 Qua-

78 1376 305 1420 dragesimae
340 1379 502 1421 tempore
538 1387 693 1410 messem
730 1376 975 1418 augustanam
1010 1385 1055 1407 ex
1091 1371 1315 1406 cathedralis
1350 1370 1526 1405 ecclesiae
1557 1381 1660 1404 sacro
1686 1370 1866 1413 suggestu

78 1431 244 1465 excolere
271 1431 562 1476 permitteretur,
598 1429 811 1474 impetravit
840 1428 963 1472 (105);
1003 1427 1148 1461 Natalis
1174 1426 1241 1461 sub
1269 1426 1301 1460 d.
1330 1427 1362 1460 9.
1390 1424 1514 1459 Martii
1544 1424 1635 1459 1563
1663 1423 1865 1468 Oeniponte

78 1484 329 1519 vindobonam
355 1486 541 1530 profectus
567 1485 624 1518 est
649 1495 766 1528 neque
793 1484 878 1516 ante
904 1494 949 1516 m.
971 1481 1221 1526 Septembrem
1248 1480 1486 1525 Oenipontem
1514 1478 1630 1513 redire
1657 1479 1776 1523 potuit
1804 1476 1866 1522 (48

79 1539 123 1572 ad
159 1540 234 1582 49).
289 1539 376 1573 Post
401 1538 545 1573 Pascha
572 1537 739 1572 Canisius
766 1537 810 1570 ab
849 1536 1064 1581 imperatore
1100 1535 1223 1569 iussus
1250 1536 1307 1568 est
1334 1533 1571 1578 Oenipontem
1598 1532 1735 1572 redire:
1773 1542 1867 1576 quae

79 1592 193 1638 ipsius
220 1593 395 1638 profectio
422 1592 665 1637 oenipontana
692 1603 772 1626 cum
801 1590 919 1636 priore
946 1589 1010 1623 illa
1037 1589 1081 1624 ab
1108 1588 1292 1623 historicis
1319 1588 1395 1622 fere
1422 1589 1478 1622 est
1503 1587 1538 1621 in
1566 1598 1675 1621 unam
1703 1587 1865 1621 confusa.

80 1647 223 1681 Interea
258 1647 494 1682 difficultates
521 1647 610 1681 adeo
637 1647 740 1680 erant
775 1644 1061 1689 multiplicatae,
1097 1645 1139 1677 ut
1165 1654 1294 1688 operae
1321 1641 1478 1687 pretium
1505 1641 1710 1682 videretur,
1745 1641 1865 1686 ipsum

79 1701 298 1735 cardinalem
318 1702 517 1743 Moronum‚
544 1701 700 1746 primurn
720 1698 861 1733 concilii
888 1697 1102 1743 praesidem,
1122 1696 1362 1742 Oenipontem
1381 1696 1425 1730 ad
1445 1695 1711 1729 Ferdinandum
1728 1694 1865 1728 venire.

81 1753 149 1796 Qui
176 1755 387 1797 cardinalis,
416 1754 560 1789 Canisio
595 1765 660 1799 per
686 1754 804 1787 Breve
831 1752 887 1786 Pii
913 1751 974 1786 IV.
1002 1751 1241 1795 singulariter
1266 1750 1539 1784 commendatus
1570 1748 1694 1793 (121),
1725 1751 1762 1782 et
1788 1748 1865 1794 ipse

81 1807 224 1843 Canisio
251 1809 480 1843 familiariter
505 1808 559 1842 uti
586 1808 736 1851 eiusque
763 1805 914 1840 consilia
940 1805 1131 1849 exquirere
1154 1804 1284 1850 coepit.
1329 1804 1383 1838 Ita
1402 1803 1560 1849 optimus
1578 1803 1634 1837 vir
1658 1803 1693 1836 in
1712 1813 1866 1846 magnas

79 1863 250 1897 redactus
277 1865 333 1897 est
365 1862 577 1906 angustias;
615 1861 754 1895 duabus
781 1860 946 1905 partibus
972 1859 1041 1894 sibi
1068 1858 1260 1904 oppositis,
1289 1870 1483 1892 caesareae
1510 1859 1546 1891 et
1572 1856 1780 1902 pontificiae
1806 1855 1867 1890 vel

80 1915 277 1958 conciliari,
304 1928 385 1950 eum
412 1915 533 1950 officia
558 1917 746 1960 praestare
772 1925 921 1948 necesse
948 1915 1036 1947 erat.
1088 1912 1207 1954 Quare
1234 1912 1364 1946 mirum
1391 1923 1461 1946 non
1488 1914 1554 1950 est,
1582 1910 1768 1945 Canisium
1794 1909 1866 1944 iam

81 1981 122 2003 eo
159 1971 320 2015 tempore
356 1982 420 2015 per
446 1981 556 2003 unum
593 1980 639 2003 ex
674 1968 738 2010 iis,
776 1979 866 2012 quos
901 1967 938 2001 in
976 1979 1150 2002 consessu
1186 1966 1248 2000 illo
1281 1965 1485 2009 theologico
1512 1964 1672 2009 collegas
1700 1964 1868 2005 habebat,

81 2022 214 2057 litteris
240 2024 284 2057 ad
312 2035 495 2058 caesarem
529 2022 625 2057 datis
651 2022 687 2056 in
715 2021 928 2067 proditionis
954 2021 1199 2066 suspicionem
1226 2032 1306 2054 esse
1333 2022 1503 2054 vocatum
1534 2019 1649 2063 (979).
1694 2017 1867 2063 Apertius

83 2078 120 2110 et
138 2077 273 2111 certius
291 2077 510 2122 posteriores
528 2076 704 2117 historici,
732 2078 772 2110 ut
791 2077 961 2119 Samius,
980 2076 1214 2119 Wessenberq,
1235 2075 1458 2118 Philippeon,
1478 2072 1706 2119 imperatoris
1724 2073 1867 2107 secreta

83 2142 147 2175 per
174 2130 357 2165 Canisium
384 2143 466 2166 cum
493 2130 738 2165 cardinalibus
765 2133 801 2164 et
836 2130 1006 2176 pontifice
1042 2129 1309 2164 communicata
1335 2139 1415 2162 esse
1443 2129 1679 2162 asseruerunt
1709 2126 1866 2171 (45-46

83 2184 158 2227 48).
210 2184 396 2230 Epistulis‚
423 2197 538 2230 spero,
566 2184 712 2226 Canisii,
739 2183 865 2225 Lainii,
894 2183 1056 2225 aliorum,
1093 2194 1184 2227 quas
1210 2194 1306 2217 nunc
1337 2182 1493 2228 primum
1521 2181 1556 2215 in
1583 2181 1701 2215 lucem
1729 2179 1866 2222 emitto,

83 2238 286 2273 obscuritas
311 2238 419 2273 huius
445 2239 497 2273 rei
523 2239 677 2273 multum
704 2238 949 2273 imminuetur.
1001 2238 1078 2272 Hoc
1105 2239 1176 2272 iam
1202 2236 1329 2281 negari
1355 2236 1502 2280 nequit:
1532 2235 1699 2270 Canisius
1726 2234 1868 2279 aliquas

83 2304 129 2326 ex
155 2293 262 2327 rebus
289 2294 450 2334 secretis,
478 2304 569 2337 quas
595 2293 792 2338 imperator
817 2291 961 2326 silentio
988 2292 1062 2335 tegi
1090 2291 1233 2326 omnino
1260 2290 1417 2331 volebat,
1445 2289 1505 2324 vel
1530 2289 1670 2324 consilii
1696 2289 1733 2323 in
1759 2289 1868 2323 rebus

83 2346 312 2389 gravissimis
339 2347 504 2392 capiendi
539 2358 649 2381 causa
676 2346 734 2380 vel
761 2357 983 2380 summorum
1011 2345 1253 2391 periculorum
1279 2356 1300 2379 a
1326 2344 1512 2389 republica
1539 2343 1740 2378 christiana
1767 2354 1867 2376 aver-

82 2400 271 2434 tendorum
298 2401 415 2444 gratia
445 2400 619 2444 (40—42)
649 2401 692 2434 ad
718 2399 860 2443 legatos
886 2399 1068 2445 pontificis
1086 2401 1123 2434 et
1148 2399 1193 2433 ad
1212 2398 1377 2433 Lainium
1396 2398 1642 2443 praepositum
1661 2396 1867 2441 generalem

84 2453 214 2488 detulit
251 2453 408 2499 (49-52
435 2455 480 2489 74
519 2455 583 2489 157
614 2454 680 2488 162
711 2454 776 2488 167
808 2453 874 2487 174
907 2453 974 2488 188
1003 2453 1070 2487 192
1097 2453 1288 2488 200-203
1314 2452 1383 2486 213
1411 2452 1481 2487 230
1507 2452 1577 2486 236
1605 2451 1674 2486 238
1701 2451 1771 2484 244
1798 2451 1866 2485 966

84 2508 183 2551 etc.).
243 2507 357 2542 Simul
394 2510 517 2543 tamen
551 2508 717 2542 Canisius
753 2519 774 2541 a
812 2506 937 2541 Lainio
976 2506 1089 2541 semel
1120 2510 1229 2551 atque
1267 2506 1399 2540 iterum
1438 2507 1559 2540 iussus
1599 2507 1656 2539 est
1684 2504 1720 2538 in
1759 2504 1868 2538 rebus

83 2561 267 2596 silentium
295 2562 525 2607 exigentibus
553 2565 590 2596 et
615 2561 841 2596 Ferdinando
869 2561 893 2596 I.
922 2562 957 2595 et
982 2561 1131 2595 Morono
1158 2561 1265 2594 fidem
1291 2571 1440 2595 servare
1469 2560 1554 2604 (147
1584 2558 1688 2602 169);
1717 2570 1759 2593 ac
1785 2569 1868 2592 cum

85 2615 161 2660 ipse
188 2627 208 2650 a
226 2615 361 2657 Lainio,
387 2619 428 2650 ut
446 2616 489 2650 de
509 2616 782 2660 quaestionibus
801 2614 1015 2649 Tridentum
1034 2615 1078 2649 ad
1097 2626 1136 2649 se
1154 2614 1277 2649 missis
1295 2614 1430 2652 sileret,
1458 2613 1622 2658 petisset,
1650 2613 1680 2647 is
1698 2624 1738 2647 se
1757 2611 1868 2646 etiam

85 2680 155 2702 non
181 2671 346 2712 rogatum
383 2670 556 2704 eiusmodi
592 2681 652 2704 res
685 2669 831 2704 silentio
866 2671 991 2713 tegere
1023 2669 1211 2714 respondit
1250 2668 1365 2712 (158).
1419 2668 1455 2701 ln
1483 2666 1650 2712 epistulis
1677 2678 1764 2701 sane
1800 2665 1868 2700 hoc

86 2724 247 2767 tempore
285 2734 305 2757 a
331 2722 474 2758 Canisio
501 2723 686 2758 Coloniam
713 2723 756 2757 ad
786 2722 992 2757 Kesselium
1019 2725 1054 2757 et
1082 2722 1290 2764 Costerum,
1327 2721 1470 2765 collegii
1507 2720 1606 2754 illius
1633 2720 1795 2761 sodales,
1832 2721 1869 2753 et

85 2775 296 2810 Tridentum
331 2777 375 2811 ad
411 2777 630 2811 cardinalem
658 2776 808 2811 Hosium
836 2776 958 2810 missis
994 2776 1036 2810 de
1063 2777 1215 2810 secretis
1242 2775 1401 2810 caesaris
1428 2774 1589 2809 consiliis
1615 2774 1704 2808 nihil
1736 2773 1869 2808 dicitur

89 2828 173 2872 (185
201 2830 271 2864 216
298 2830 363 2864 231
392 2831 491 2874 248).
543 2830 721 2876 Delphino
747 2830 873 2865 nuntio
904 2830 1121 2875 apostolico,
1157 2829 1242 2874 quid
1278 2829 1438 2873 theologi
1474 2829 1518 2863 ad
1557 2829 1598 2863 17
1636 2828 1868 2872 quaestiones

85 2882 168 2917 illas
195 2883 334 2917 caesari
363 2884 653 2929 respondissent,
691 2884 894 2929 exploranti
929 2884 1122 2928 theologus
1157 2884 1324 2928 quidam,
1361 2883 1422 2927 qui
1457 2894 1528 2916 non
1555 2882 1748 2917 Societatis
1774 2883 1866 2923 Iesu,

85 2936 149 2970 sed
184 2936 336 2971 alterius
362 2938 549 2973 cuiusdam
575 2938 711 2973 ordinis
737 2938 898 2981 religiosi
930 2940 1026 2980 erat,
1053 2949 1267 2983 responsum
1292 2948 1397 2972 suurn
1428 2936 1589 2979 tradidit,
1617 2936 1785 2971 Canisius
1811 2935 1868 2970 sui

85 2991 248 3036 responsi
267 2991 471 3037 exemplum
492 2993 577 3026 dare
596 2992 722 3026 abnuit
742 2993 856 3036 (965).
900 2992 1021 3036 Atque
1039 2992 1235 3026 identidem
1250 2991 1439 3036 Delphino,
1458 2991 1543 3035 quid
1563 3002 1689 3025 caesar
1703 2990 1868 3031 dixisset,

85 3046 274 3088 quaerenti
290 3045 464 3087 Canisius,
484 3057 564 3081 011111
579 3045 715 3080 nullam
731 3045 970 3091 respondendi
984 3046 1241 3080 necessitatem
1258 3045 1407 3086 videret,
1426 3045 1643 3090 respondere
1657 3044 1864 3083 recusabat:

87 3109 181 3142 quae
207 3099 337 3143 agendi
363 3100 455 3133 ratio
482 3111 503 3133 a
530 3099 654 3134 Lainio
680 3099 830 3134 laudata
856 3099 1002 3144 estr(99
1032 3100 1098 3134 163
1126 3099 1225 3143 214).
1276 3099 1355 3133 Hoc
1381 3110 1524 3143 quoque
1551 3098 1695 3133 Canisio
1721 3109 1867 3133 versum

88 3154 145 3186 est
171 3153 279 3187 vitio:
316 3152 405 3187 Cum
432 3153 607 3198 pontificii
634 3154 745 3197 legati
773 3153 1022 3197 theologorum
1050 3153 1410 3197 consiliariorumque
1437 3163 1689 3187 caesareorum
1716 3151 1866 3192 animos,

1540 3211 1587 3246 C*
