2182 3339
255 95 320 123 LII

320 414 412 449 1564

321 633 414 669 1564

324 852 417 887 1564

328 1123 421 1158 1564

329 1288 423 1323 1564

331 1397 424 1431 1564

331 1505 424 1540 1564

331 1615 424 1651 1564

334 1781 426 1816 1564

335 2054 426 2089 1564
494 2074 495 2086 2

335 2219 427 2253 1564
494 2198 495 2251 ἶ

335 2327 427 2362 1564
494 2360 496 2385 j

336 2435 427 2470 1564

534 2436 638 2470 Febr.
667 2439 704 2471 et
730 2436 838 2471 Mart.

336 2543 428 2578 1564
495 2521 497 2590 ᾖ

336 2651 428 2685 1564
495 2659 497 2681 J

336 2759 428 2792 1564

338 2974 430 3008 1564

718 78 782 113 III.
818 77 980 113 Tabulae
1007 78 1285 123 chronologicae
1312 80 1412 114 vitae
1440 78 1587 115 Canisii.

579 415 685 450 Febr.
715 416 770 450 16.

581 634 686 669 Febr.
717 634 770 668 18.

585 853 689 888 Febr.
718 853 775 889 20.

589 1124 692 1160 Febr.

590 1289 694 1324 Febr.

588 1398 695 1433 Febr.

592 1507 696 1542 Febr.

591 1617 696 1654 Febr.

593 1782 697 1817 Febr.

594 2055 697 2090 Febr.

594 2220 698 2254 Febr.

594 2328 698 2363 Febr.
727 2328 783 2363 29.

601 2544 710 2579 Mart.

721 1124 778 1159 21.

723 1289 780 1324 22.

724 1398 782 1433 23.

723 1507 781 1542 24.

725 1617 782 1652 25.

726 1783 783 1817 26.

726 2055 783 2090 27.

728 2219 784 2255 28.

742 2546 771 2580 1.

602 2652 710 2687 Mart.
739 2653 772 2687 2.

603 2760 712 2795 Mart.

603 2976 712 3010 Mart.

740 2761 772 2795 3.

743 2977 774 3010 5.

952 197 1240 232 Bacchanalium
1266 201 1429 243 tempore
1456 198 1565 233 simul
1593 200 1630 233 et
1655 198 1786 233 laetari
1813 201 1849 234 et
1875 199 1951 234 Deo
1981 199 2057 246 pla-

953 263 1034 286 cere
1053 251 1206 297 possint,
1226 251 1394 297 exponit;
1414 254 1615 298 praeterea,
1634 256 1676 287 ut
1694 253 1850 297 videtur,
1870 254 1914 289 de
1932 254 2058 300 quinto

953 306 1129 350 Decalogi
1163 309 1359 352 praecepto
1395 306 1520 341 dicens
1555 308 1837 350 magistratibus
1872 308 2060 343 occidendi

952 362 1174 405 potestatem
1201 372 1283 395 esse
1309 361 1537 396 demonstrat
1566 361 1681 405 (828).

892 413 960 449 Die
979 414 1149 449 Cinerum
1179 415 1231 459 (in
1257 416 1394 461 templo
1413 414 1448 450 S.
1468 415 1625 457 Ioannis,
1652 418 1694 450 ut
1721 415 1882 460 videtur)
1911 429 1957 452 ex
1976 428 2060 461 sug-

954 471 1061 513 gestu
1097 469 1222 504 fideles
1258 470 1302 504 ad
1338 481 1480 504 sacram
1509 469 1834 515 Quadragesimam
1861 483 1942 506 cum
1979 483 2060 506 con-

953 526 1096 568 temptu
1117 535 1237 558 rerum
1256 535 1446 565 vanarum,
1470 524 1688 559 demissione
1706 525 1921 566 animorum,
1939 524 2061 571 paeni-

954 578 1092 612 tentiae
1118 577 1240 612 studio
1267 579 1445 622 agendam
1472 578 1640 613 hortatur
1666 579 1782 623 (828).

894 632 1001 666 Feria
1027 631 1089 667 VI.
1129 632 1190 676 (ad
1227 632 1261 668 S.
1289 632 1482 677 Ioannis5>)
1521 633 1653 668 iterum
1689 633 1732 668 de
1760 634 1846 669 Iona
1884 633 2061 679 propheta

957 686 1063 727 dicit;
1092 686 1215 721 Ionam
1243 690 1326 732 post
1351 690 1542 732 peccatum
1570 688 1615 722 ad
1638 687 1755 722 Deum
1784 699 2014 729 conversum,
2041 699 2062 722 a

957 740 1033 775 Deo
1052 740 1209 785 benigne
1228 744 1434 787 exceptum,
1463 742 1630 777 omuibus
1649 742 1944 777 contionantibus
1964 744 2063 777 recte

958 795 1190 829 contionandi
1226 796 1434 842 exemplum
1470 796 1706 842 praebentem
1742 797 1909 843 proponit
1945 796 2061 841 (829).

897 850 1001 885 Dom.
1029 850 1056 884 I.
1084 849 1218 892 Quadr.
1244 850 1281 884 in
1318 850 1406 885 eccl.
1438 850 1659 892 cathedrali,
1697 852 1876 896 quomodo
1902 850 2063 894 Quadra-

958 904 1099 947 gesima
1126 904 1356 939 observanda
1381 906 1447 947 sit,
1476 905 1600 946 docet;
1637 906 1920 951 protestantium
1947 905 1991 940 de
2017 906 2064 940 ie-

959 959 1057 993 iunio
1084 970 1224 993 errores
1251 959 1406 1002 refellit;
1434 959 1625 1001 ieiunium,
1653 960 1894 995 confessionis
1921 963 1957 995 et
1984 971 2064 995 con-

960 1013 1178 1047 firmationis
1210 1016 1461 1055 sacramenta,
1498 1014 1782 1056 catechismum,
1817 1015 1924 1060 stipis
1955 1014 2064 1058 largi-

960 1068 1096 1102 tionem
1125 1068 1356 1102 commendat
1385 1068 1502 1112 (829).

901 1122 939 1158 F.
967 1123 1013 1156 ll.
1042 1122 1103 1166 (ad
1131 1122 1165 1157 S.
1194 1122 1359 1164 Ioannis,
1396 1125 1437 1157 ut
1463 1123 1624 1166 videtur)
1654 1123 1697 1157 de
1724 1123 1832 1158 Ionae
1867 1122 2066 1169 prophetae

963 1177 1058 1222 apud
1095 1176 1280 1211 Ninivitas
1320 1177 1632 1222 „praedicatione“
1671 1180 1708 1212 et
1744 1178 1788 1212 de
1823 1189 1955 1221 evang.
1995 1177 2066 1212 diei

964 1231 1196 1265 contionatur
1226 1230 1342 1274 (829).

905 1285 941 1320 F.
970 1285 1033 1321 ΙΙΙ.
1061 1285 1324 1320 catechismum
1353 1288 1411 1330 (ut
1438 1286 1598 1331 videtur)
1629 1287 1780 1332 exponit
1819 1286 1988 1331 (ibidem,
2026 1288 2069 1320 ut

965 1339 1111 1374 videtui·
1139 1340 1256 1384 (841).

902 1395 941 1430 F.
962 1394 1022 1429 IV.
1054 1394 1212 1439 (ibidem,
1239 1398 1280 1430 ut
1307 1394 1468 1439 videtur)
1498 1396 1541 1430 de
1559 1395 1648 1430 urbe
1666 1394 1799 1430 Ninive
1818 1397 1853 1430 et
1872 1395 1914 1429 de
1935 1406 2066 1438 evang.

965 1449 1036 1483 diei
1063 1450 1295 1483 contionatur
1323 1450 1440 1494 (830).

903 1504 942 1539 F.
969 1503 1013 1538 V.
1042 1504 1305 1538 catechismum
1345 1504 1402 1548 (ut
1437 1503 1599 1548 videtur)
1638 1503 1789 1550 exponit
1825 1503 1992 1548 (ibidem,
2028 1505 2069 1538 ut

965 1558 1126 1602 videtur)
1159 1559 1274 1603 (841).

905 1613 941 1648 F.
971 1613 1032 1647 VI.
1061 1614 1117 1647 die
1145 1613 1179 1648 S.
1207 1613 1370 1648 Mathiae
1400 1614 1464 1658 Ap.
1494 1614 1514 1647 9
1547 1613 1743 1655 „errores“,
1776 1613 1836 1657 qui
1864 1612 1907 1646 de
1934 1611 2069 1646 ieiunio

966 1667 1282 1709 circumferantur,
1311 1667 1458 1709 refellit,
1486 1667 1666 1702 Mathiam
1693 1667 1727 1701 in
1757 1666 1963 1712 exemplum
1990 1678 2068 1711 pro-

965 1722 1076 1767 ponit,
1093 1734 1138 1756 ex
1153 1733 1283 1765 evang.
1300 1722 1414 1756 feriae
1429 1722 1690 1767 paenitentiam
1706 1721 1936 1756 commendat
1952 1720 2068 1765 (830).

911 1777 1124 1810 Tilmannus
1160 1777 1361 1811 Heshusius
1396 1777 1576 1820 tlzeoloyus
1611 1776 1826 1810 lutheranus
1870 1780 1900 1809 et
1946 1775 2069 1820 „exsul

971 1829 1128 1865 Chre·ste‘“
1166 1833 1205 1865 in
1242 1833 1372 1865 litteris
1407 1832 1640 1865 dedic-atomis
1670 1831 1758 1864 libri
1791 1831 1938 1875 „Trewe
1965 1830 2067 1862 War-

968 1884 1089 1929 nunffi‘
1117 1887 1300 1930 affirmat,
1345 1886 1486 1919 canisii
1511 1885 1760 1919 catechismum
1786 1886 1954 1918 daemone
1985 1894 2068 1916 auc-

966 1946 1052 1983 tore,
1088 1945 1122 1973 a!
1150 1941 1293 1974 ecclesia
1321 1940 1529 1974 catechismo
1558 1939 1712 1973 Lutheri
1735 1940 1968 1983 spoliaretur,
2006 1939 2068 1971 im-

964 1996 1221 2039 pacientissime
1247 1997 1486 2038 conscriptum
1515 2005 1585 2028 esse
1615 1993 1753 2037 (1020).

906 2049 1008 2084 Dom.
1031 2049 1074 2084 ΙΙ.
1095 2049 1226 2091 Quadi:
1257 2049 1425 2083 Canisius
1449 2048 1484 2082 in
1505 2048 1591 2082 eccl.
1611 2046 1814 2082 cathedrali
1832 2047 2066 2092 praeceptum

967 2103 1140 2147 Decalogi
1176 2103 1343 2148 quintum
1378 2114 1559 2148 exponere
1591 2113 1749 2148 pergens
1788 2101 1852 2145 „de
1888 2102 2069 2146 potestate

967 2158 1173 2193 occidendi“
1205 2158 1436 2192 contionatur
1464 2156 1580 2200 (830).

907 2213 943 2248 F.
972 2213 1016 2248 ΙΙ.
1046 2212 1107 2256 (ad
1135 2212 1169 2246 S.
1189 2211 1344 2253 Ioannis,
1375 2215 1413 2246 ut
1439 2210 1599 2255 videtur)
1628 2210 1672 2245 de
1700 2210 1785 2244 lona
1811 2209 1996 2243 Ninivitas
2023 2209 2068 2243 ad

966 2266 1228 2312 paenitentiam
1257 2265 1476 2300 exhortante
1503 2265 1592 2300 dicit
1619 2264 1735 2309 (830).

907 2322 945 2356 F.
973 2322 1036 2356 Ill.
1064 2321 1327 2356 catechismum
1357 2321 1414 2364 (ut
1439 2320 1600 2363 videtur)
1631 2319 1782 2364 exponit
1821 2317 1989 2361 (ibidem,
2027 2318 2069 2351 ut

967 2375 1128 2419 videtur)
1160 2375 1274 2419 (841),

906 2432 1042 2465 Romae
1068 2442 1090 2464 a
1118 2431 1190 2464 PP.
1210 2431 1343 2464 Nazala
1369 2435 1398 2463 et
1426 2431 1503 2463 Saa
1533 2429 1675 2462 Cam'sii
1694 2427 1902 2471 „Lect1'ones
1928 2431 1957 2460 et
1984 2426 2066 2459 Pre-

968 2487 1124 2518 cationes
1151 2483 1444 2518 Ecclessastccae“
1472 2486 1776 2527 -recoynoseuntnr
1806 2481 1889 2524 (457
1917 2480 2019 2523 470).

909 2539 945 2573 F.
965 2538 1026 2573 IV.
1059 2539 1118 2581 (ad
1139 2539 1173 2573 S.
1192 2538 1349 2580 Ioannis,
1377 2540 1418 2572 ut
1444 2536 1606 2580 videtur)
1636 2535 1804 2569 Uauisius
1831 2534 1874 2568 de
1894 2532 2068 2568 Ninivitis

966 2593 1228 2638 paenitentiam
1256 2592 1451 2636 agentibus
1478 2591 1707 2625 contionatur
1734 2590 1851 2632 (830).

907 2648 944 2682 F.
973 2648 1015 2683 V.
1044 2647 1308 2682 catechismum
1347 2647 1404 2691 (ut
1439 2645 1598 2687 videtur)
1638 2644 1787 2689 exponit
1824 2642 1992 2686 (ibidem,
2028 2643 2068 2675 ut

967 2702 1128 2745 videtur)
1161 2702 1275 2745 (841).

908 2757 945 2791 F.
966 2756 1027 2790 VI.
1056 2756 1216 2800 (ibidem,
1244 2758 1285 2789 ut
1312 2753 1471 2798 videtur)
1501 2752 1668 2798 exemplo
1696 2753 1794 2796 regis
1821 2750 2066 2785 Ninivitarum

968 2810 1152 2856 proposito
1179 2810 1441 2855 paenitentiam
1470 2808 1652 2851 animique
1685 2806 1938 2841 demissionem
1972 2815 2068 2838 eom-

967 2866 1136 2906 mendat;
1163 2865 1311 2905 deinde,
1339 2863 1516 2908 quomodo
1543 2862 1578 2896 in
1606 2861 1764 2895 vestium
1792 2871 1859 2894 usu
1886 2860 2067 2904 peccetur,

969 2919 1130 2954 ostendit
1159 2919 1273 2961 (830).

908 2973 1011 3009 Dom.
1027 2974 1089 3007 111.
1110 2973 1243 3014 Quadr.
1260 2972 1294 3006 in
1313 2971 1400 3006 eccl.
1416 2970 1576 3005 cathedr.
1597 2982 1641 3004 ex
1662 2980 1790 3011 evang.
1812 2967 1880 3002 diei
1897 2965 2066 3006 ostendit,

969 3030 1192 3072 quantopere
1219 3027 1293 3061 sint
1319 3025 1469 3060 timendi
1492 3025 1697 3063 daemones,
1725 3022 1811 3067 quid
1838 3021 1881 3055 de
1908 3020 2067 3054 obsessis

970 3084 1093 3125 agant,
1112 3081 1196 3126 quid
1217 3080 1314 3124 magi
1334 3082 1370 3114 et
1387 3079 1525 3123 strigae
1543 3090 1612 3112 non
1630 3077 1787 3117 valeant,
1807 3075 1891 3120 quid
1909 3074 2066 3115 valeant,

970 3147 1062 3180 quae
1090 3135 1271 3180 praesidia
1299 3134 1476 3168 adversus
1503 3144 1563 3167 eos
1590 3131 1793 3166 adhibenda
1819 3129 1892 3164 sint
1921 3128 2034 3172 (830).
