2182 3339
255 94 351 123 XXX
806 78 851 114 H.
891 77 1115 112 Prooemium
1143 77 1342 113 voluminis
1369 78 1499 123 quarti.

255 195 481 241 disciplinam
509 194 700 229 immodice
727 205 894 228 severam
931 194 1101 230 inductus
1130 207 1172 229 ac
1198 207 1314 240 paene
1350 196 1581 231 dementatus
1619 199 1732 240 esset,
1769 196 2046 231 succensentis¹

257 251 456 285 Saccletnus
475 251 510 283 et
529 250 711 293 Rem-tolus,
730 248 893 292 insignes
912 248 963 283 illi
983 248 1176 284 Societatis
1195 249 1370 293 historici,
1391 262 1465 284 rem
1485 251 1724 294 evulgarunt:
1749 251 1824 292 sed,
1843 253 1883 285 ut
1900 250 2044 285 illorum

255 307 419 349 tempora
445 303 622 343 ferebant,
649 303 877 336 cautionibus
905 303 1120 347 quibusdam
1140 303 1199 337 vel
1224 304 1334 338 etiam
1361 304 1635 339 circuitionibus
1654 306 1740 339 sunt
1765 305 1833 339 usi.
1876 304 2047 350 Inprimis

254 358 345 392 haec
371 357 451 399 duo,
479 356 515 390 ni
542 356 659 398 fallor,
688 368 733 390 ex
751 356 900 391 Polanci
926 356 1060 391 litteris
1087 357 1205 401 magis
1232 357 1457 393 clarescunt:
1488 358 1610 393 Lainio
1637 370 1708 392 non
1736 358 1803 393 hoc
1828 361 1972 393 tantum
2000 371 2046 393 ex

254 411 437 457 pontificis
472 410 555 445 aula
591 411 797 444 nuntiatum
824 413 899 445 est:
937 411 1060 456 Ipsum
1088 413 1124 445 et
1151 411 1320 445 Riberam
1347 412 1557 446 Borromaei
1593 413 1807 447 commercio
1843 412 2046 458 prohiberi;

255 466 460 500 nuntiatum
489 467 563 506 est,
600 463 725 499 Socios
760 464 942 509 prohiberi
969 477 1113 505 omnes;
1152 467 1200 507 at,
1229 465 1289 510 qui
1316 465 1351 500 id
1379 466 1574 507 nuntiavit,
1606 466 1762 508 „limites
1788 467 1949 501 mandati
1975 478 2047 501 non

255 519 472 554 custodivit“
491 533 497 559 ;
525 530 611 552 nam
633 518 807 564 pontifex,
828 521 869 553 ut
887 518 965 564 ipse
992 520 1119 564 postea
1138 518 1275 558 Lainio.
1292 519 1504 561 affirmavit,
1531 520 1649 555 solum
1669 521 1838 555 Riberam
1857 520 2048 566 prohibere

256 574 432 608 voluerat.
485 573 643 613 Deinde,
671 573 732 617 qui
759 572 977 607 Borromaeo
1005 573 1257 607 austeritatem
1285 573 1386 608 illam
1413 574 1458 609 ab
1485 575 1600 620 ipsius
1627 574 1746 609 officio
1773 574 1927 609 alienam
1954 586 2048 609 com-

255 627 530 668 mendaverant,
557 626 626 660 viri
646 626 791 671 quidem
818 626 979 670 religiosi
1010 630 1123 667 erant,
1150 627 1213 661 sed
1241 627 1393 662 alterius
1420 628 1607 663 cuiusdam
1628 629 1687 663 vel
1705 628 1854 663 aliorum
1883 629 2049 663 ordinum

255 681 519 725 religiosorum.
564 680 750 715 Sociorum
770 692 856 715 vero
877 680 1037 715 consiliis
1053 693 1169 725 genus
1188 681 1276 716 illud
1296 682 1395 716 vitae
1418 682 1514 725 „fere
1534 683 1775 717 contrarium“
1799 685 1887 717 erat.
1930 682 2050 724 Quare

256 735 344 770 Pius
363 736 437 777 IV.‚
465 747 546 770 cum
566 734 713 769 Lainius
740 745 761 768 a
788 734 924 776 morbo,
951 746 1022 779 quo
1050 735 1293 777 laboraverat,
1321 738 1509 771 recreatus
1536 748 1617 771 eum
1644 737 1783 771 adisset
1810 739 1846 771 et
1873 736 2050 781 quomodo

256 801 315 824 res
334 792 432 824 esset
452 789 693 834 exposuisset,
722 788 837 823 Sociis
861 801 1004 823 omnem
1025 789 1233 824 Borromaei
1261 790 1499 824 conveniendi
1526 792 1746 836 potestatem
1774 790 1874 825 dedit
1892 793 1929 825 et
1948 789 2051 824 omni

256 842 462 888 suspicione
489 842 659 877 Riberam
695 842 887 885 liberavit,
931 843 1012 889 „quj
1049 843 1224 888 postridie
1261 855 1340 878 cum
1371 844 1554 890 Cardinalj
1590 845 1626 879 in
1662 848 1859 890 conspectu
1890 844 2050 878 omnium

257 897 359 932 visus
396 898 486 931 est“.
538 896 689 931 Notiora
724 899 828 939 sunt,
870 909 962 941 quae
998 897 1055 931 his
1082 899 1118 932 et
1145 897 1228 932 aliis
1256 897 1405 933 Polanci
1432 898 1565 933 litteris
1591 898 1800 933 referuntur
1827 899 1869 933 de
1897 898 1961 933 Pio
1987 898 2052 932 IV.

256 952 339 997 post
364 954 517 985 mortem
546 950 742 985 cardinalis
771 951 988 996 Carpensis,
1026 950 1088 995 qui
1115 951 1309 986 Societatis
1350 953 1573 997 „protector-‘⁴
1604 952 1744 994 fuerat,
1781 964 1801 986 a
1829 951 1954 986 Lainio
1980 963 2051 985 non

257 1005 334 1040 sine
362 1005 421 1051 pia
448 1005 678 1045 dexteritate,
707 1007 748 1039 ut
773 1004 852 1050 ipse
871 1004 1065 1040 Societatis
1091 1006 1355 1050 protectionem
1382 1006 1418 1040 in
1445 1017 1484 1040 se
1510 1006 1723 1051 susciperet,
1751 1006 1907 1041 adducto
1935 1006 2052 1049 (534),

258 1061 294 1093 et
322 1059 365 1093 de
393 1058 590 1093 Caesarino
618 1059 788 1104 episcopo
814 1059 955 1093 titulari
982 1070 1049 1093 sua
1075 1059 1300 1104 aliorumque
1328 1059 1539 1094 clericorum
1577 1072 1805 1094 romanorum
1842 1060 1980 1094 invidia
2007 1060 2052 1093 ad

257 1112 400 1147 libellos
418 1113 453 1146 in
473 1112 694 1147 Societatem
713 1113 1062 1147 calumniosissimos
1089 1113 1368 1148 conscribendos
1391 1114 1467 1159 (qui
1488 1114 1597 1149 etiam
1616 1114 1652 1148 in
1672 1114 1903 1149 Germaniam
1922 1113 2053 1159 perlati

258 1169 343 1201 sunt
371 1166 455 1211 [732
483 1167 553 1201 743
582 1166 682 1211 775])
711 1167 859 1202 inducto
887 1167 1012 1212 (716);
1040 1168 1129 1202 Pius
1150 1168 1210 1202 lV.
1239 1179 1349 1202 causa
1376 1180 1440 1214 per
1466 1169 1626 1203 delectos
1654 1168 1857 1203 cardinales
1883 1172 2054 1203 accurate

259 1220 405 1265 cognita
431 1220 613 1255 hominem
640 1221 759 1256 officio
795 1221 988 1266 redituque
1023 1221 1186 1267 privavit
1213 1221 1315 1265 (746)
1346 1226 1382 1256 et
1408 1222 1565 1257 vinculis
1593 1243 1636 1246 —
1665 1223 1904 1257 intercessere
1930 1224 2053 1256 tamen

258 1275 353 1310 Socii
373 1295 414 1299 —
435 1275 595 1316 addixit;
622 1275 718 1309 idem
748 1275 967 1318 „Brevibus“
998 1276 1042 1310 ad
1070 1275 1360 1310 Maximilianum
1382 1276 1436 1317 IL,
1464 1276 1653 1311 Albertum
1676 1276 1731 1317 V.‚
1763 1276 2055 1321 archiepiscopos

259 1329 436 1364 electores
461 1329 585 1364 missis
612 1329 832 1364 Societatem
860 1330 1007 1374 egregie
1035 1330 1208 1375 purgavit
1234 1332 1270 1364 et
1297 1331 1566 1365 commendavit
1595 1331 1678 1374 (773
1709 1329 1808 1374 790).

381 1382 534 1426 Collegii
560 1384 699 1418 romani
727 1383 821 1418 Socii
849 1384 959 1418 etiam
987 1384 1030 1418 de
1057 1385 1212 1429 pecunia
1238 1396 1458 1430 magnopere
1484 1385 1717 1425 laborabant;
1751 1396 1862 1428 quare
1890 1383 1956 1418 sub
1984 1383 2054 1418 sin-

258 1437 426 1481 gulorum
445 1449 621 1472 annorum
644 1437 788 1472 initium
808 1438 952 1473 Canisio
970 1437 1167 1480 instabant,
1188 1438 1340 1480 videret,
1368 1442 1408 1473 nt
1426 1439 1496 1474 400
1515 1439 1635 1473 ducati
1658 1439 1768 1483 (7000
1787 1438 1862 1472 fere
1882 1449 1993 1472 marc.
2006 1438 2054 1481 Ῥ),

259 1503 350 1536 quos
376 1491 628 1526 Ferdinandus
654 1492 681 1526 Ι.
719 1491 871 1536 collegio
908 1492 1103 1537 quotannis
1140 1493 1217 1526 dari
1254 1493 1430 1535 iusserat,
1467 1492 1699 1527 solverentur
1728 1493 1788 1536 (12
1818 1493 1859 1527 19
1890 1493 1956 1527 105
1987 1492 2053 1526 117

259 1545 332 1580 408
359 1546 467 1589 452);
500 1557 593 1590 quae
619 1546 783 1591 pecunia,
811 1546 1037 1581 Ferdinando
1065 1558 1095 1581 a.
1127 1547 1219 1581 1564
1246 1550 1406 1589 mortuo,
1434 1547 1583 1581 ineunte
1609 1559 1640 1581 a.
1671 1548 1761 1582 1565
1790 1558 1810 1581 a
1836 1546 2057 1590 Magdalena

259 1600 413 1644 aliisque
432 1600 649 1634 Ferdinandi
668 1600 813 1634 filiabus
841 1601 926 1635 data
945 1603 1002 1635 est
1022 1601 1137 1645 (793).
1183 1600 1360 1646 Sperabat
1387 1602 1496 1635 etiam
1520 1601 1678 1642 Laiuius,
1706 1613 1751 1635 ex
1779 1602 1879 1636 curia
1905 1611 2055 1635 romana.

260 1666 324 1700 per
351 1655 486 1688 amicos
515 1655 692 1697 monitus,
729 1666 767 1688 se
794 1655 991 1700 impetrare
1018 1667 1143 1701 posse,
1171 1658 1212 1690 ut
1239 1656 1385 1690 abbatia
1414 1655 1565 1690 Grottae
1591 1655 1763 1689 Ferratae
1790 1655 1835 1689 ad
1862 1655 2054 1699 collegium

260 1719 447 1743 romanum
469 1709 665 1742 dotandum
684 1709 973 1753 impenderetum
1002 1709 1106 1744 cuius
1124 1709 1173 1743 rei
1194 1709 1315 1753 gratia
1334 1709 1471 1744 Canisii
1495 1712 1626 1753 rogatu
1645 1712 1681 1743 et
1700 1709 1952 1743 Ferdinandus
1971 1708 1997 1742 Ι.
2019 1712 2058 1742 et

261 1762 373 1807 aliqui
394 1774 438 1796 ex
459 1762 704 1797 cardinalibus
724 1762 866 1797 concilii
894 1763 1082 1797 tridentini
1110 1763 1339 1808 praesidibus
1358 1763 1510 1797 Romam
1530 1763 1574 1797 ad
1594 1762 1698 1797 Pium
1719 1762 1780 1797 [V.
1808 1763 2054 1808 scripserunt:

260 1816 322 1852 sed
351 1819 502 1851 conatus
538 1816 675 1850 frustra
711 1816 812 1861 capti
839 1819 925 1851 sunt
954 1817 1040 1861 (242
1068 1818 1137 1852 258
1165 1817 1230 1852 261
1262 1817 1330 1852 282
1359 1818 1457 1861 289).
1510 1817 1679 1851 Pontifex
1717 1819 1839 1851 tamen
1869 1816 2056 1851 seminarii

259 1870 411 1911 romani,
439 1870 532 1915 quod
561 1882 607 1904 ex
634 1871 781 1905 decreto
809 1871 952 1906 concilii
981 1871 1169 1906 tridentini
1197 1871 1424 1912 instituebat,
1453 1872 1742 1917 procurationem
1762 1871 1935 1905 Societati
1962 1882 2056 1906 eom-

261 1926 362 1959 misit
382 1924 498 1969 (532).
544 1924 747 1968 Collegium
767 1937 872 1970 porro
899 1927 1160 1969 germanicum,
1189 1938 1268 1960 cum
1289 1928 1326 1960 et
1344 1926 1463 1971 ipsum
1487 1926 1591 1961 falsis
1618 1925 1933 1961 criminationibus
1959 1927 2060 1959 esset

263 1979 433 2013 affectum
456 1980 541 2022 (514
569 1979 638 2013 526
658 1980 743 2022 695)
765 1981 801 2014 et
831 1979 1036 2022 „alumnos“
1067 1980 1218 2014 haberet
1245 1991 1390 2025 paucos,
1419 1980 1537 2021 duros,
1565 1981 1728 2024 ingratos
1757 1980 1839 2023 (671
1870 1979 1938 2014 695
1959 1979 2057 2022 740),

264 2034 297 2067 111
318 2033 393 2067 dies
418 2037 540 2067 tamen
570 2033 689 2076 magis
716 2034 1021 2078 frequentabatur
1047 2035 1091 2069 ab
1119 2034 1415 2068 adulescentibus
1446 2034 1755 2076 „convictor·ibus“
1785 2034 1865 2068 sive
1891 2045 1956 2068 suo
1975 2044 2059 2067 aere

262 2087 473 2121 viventibus
496 2087 707 2131 (solvebant
725 2087 882 2131 singulis
908 2088 1096 2122 mensibus
1113 2089 1135 2122 4
1154 2091 1300 2122 scutata
1320 2087 1380 2132 [70
1399 2099 1542 2123 marcas
1569 2099 1681 2131 germ.
1710 2090 1855 2122 nostrae
1879 2087 2012 2122 aetatis
2023 2085 2056 2131 ‘?]

263 2144 299 2176 et
318 2153 409 2186 quae
430 2142 464 2175 in
484 2143 608 2175 vestes
633 2141 816 2186 librosque
844 2143 986 2185 erogari
1015 2153 1164 2176 necesse
1192 2144 1271 2176 erat
1299 2141 1381 2186 [456
1402 2141 1502 2187 541])
1535 2142 1650 2186 iisque
1678 2142 1814 2187 pietate
1833 2153 1875 2176 ac
1894 2140 2059 2176 doctrina

263 2195 475 2230 florentibus
507 2195 591 2239 (526
621 2196 686 2230 551
718 2195 823 2239 770);
862 2197 896 2229 in
934 2208 1004 2241 quo
1040 2196 1092 2230 rei
1130 2196 1398 2241 paedagogicae
1433 2208 1565 2240 genere
1594 2195 1745 2241 pulchra
1772 2197 1877 2237 sunt,
1915 2206 2007 2239 quae
2036 2206 2058 2228 a.

264 2249 418 2291 canisio,
448 2249 615 2290 Polanco,
643 2249 725 2284 aliis
752 2250 962 2284 scribuntur
989 2250 1032 2284 de
1060 2250 1254 2285 Octaviani
1274 2250 1431 2294 Fuggeri
1462 2250 1625 2294 (Georgii
1654 2249 1811 2294 Fuggeri
1839 2252 1875 2283 et
1902 2248 2057 2283 Ursulae

265 2303 571 2338 Liclitensteiniae
599 2304 679 2347 filii)
708 2304 879 2345 moribus,
908 2304 1199 2345 difficultatibus,
1227 2304 1361 2339 studiis
1389 2304 1587 2346 litterariis,
1616 2305 1751 2349 pietate
1779 2306 1846 2337 etc.

388 2359 419 2392 5.
448 2357 610 2392 Transeo
630 2358 673 2392 ad
694 2358 778 2393 Soc
793 2358 799 2392 i
813 2370 862 2392 os
889 2358 933 2392 in
954 2358 983 2392 G
997 2370 1155 2393 erman
1169 2358 1177 2392 i
1191 2371 1212 2393 a
1236 2359 1421 2402 degentes.
1450 2358 1699 2393 Ferdinandus
1720 2357 1744 2392 l.
1765 2357 1962 2402 imperator
1980 2356 2060 2402 ipso

264 2411 406 2446 concilii
434 2412 621 2446 tridentini
657 2414 819 2457 tempore
855 2413 1022 2458 scripsit,
1059 2413 1196 2447 nullam
1226 2412 1443 2447 Germaniae
1478 2412 1730 2446 reformandae
1762 2411 1946 2446 meliorem
1974 2410 2056 2444 iniri

266 2477 372 2510 posse
400 2466 588 2507 rationem,
617 2477 724 2510 quam
753 2468 792 2500 ut
819 2466 934 2500 multa
962 2466 1156 2501 Societatis
1183 2466 1339 2510 collegia
1366 2466 1608 2500 conderentur
1638 2465 1752 2509 (118).
1798 2466 1851 2499 Ac
1878 2464 2057 2508 Georgius

267 2519 520 2562 sigismundus
548 2519 652 2561 Seld,
688 2519 828 2564 imperii
858 2520 1201 2561 vicecancellarius,
1239 2520 1353 2555 Sociis
1380 2520 1468 2554 adeo
1496 2532 1535 2554 se
1562 2520 1728 2564 praebuit
1754 2519 1991 2560 benevolum,
2018 2520 2059 2552 ut

267 2585 348 2607 eum
377 2573 521 2607 Uanisio
557 2575 703 2608 auctore
734 2574 818 2616 (275
847 2574 933 2618 283)
963 2574 1111 2608 Lainius
1147 2574 1378 2620 praepositus
1413 2573 1596 2618 generalis
1624 2574 1658 2607 in
1690 2573 1847 2607 omnium
1885 2573 2057 2607 bonorum

267 2627 512 2672 spiritualium
533 2626 726 2661 Societatis
751 2629 1039 2662 communionem
1069 2629 1279 2663 admitteret-
1300 2629 1462 2672 (Drusfel
1488 2628 1646 2663 Seldium
1667 2639 1687 2661 a
1706 2627 1820 2662 Sociis
1839 2638 2059 2671 magnopere

268 2681 477 2726 despectum
515 2693 595 2716 esse
632 2681 730 2725 [210]
777 2682 988 2726 affirmati).
1050 2682 1222 2717 Austriae
1258 2682 1456 2727 superioris
1496 2684 1707 2725 „regentes“
1747 2681 1825 2715 sive
1861 2679 2058 2715 consiliarii

269 2734 428 2769 caesarei
455 2736 533 2769 sine
561 2735 713 2778 collegio
741 2736 982 2781 oenipontano
1010 2736 1072 2771 vix
1099 2737 1175 2771 fieri
1203 2748 1308 2782 posse
1336 2736 1567 2777 asserebant,
1596 2738 1635 2770 ut
1661 2735 1793 2769 'l'irolis
1821 2736 1854 2769 111
1882 2734 2059 2778 religione

394 2843 402 2862 ¹
431 2842 670 2885 Corriguntur
689 2845 840 2888 oportet,
860 2854 952 2887 quae
971 2843 1102 2888 scripsi
1122 2844 1217 2877 infra
1236 2855 1268 2888 p.
1289 2843 1359 2877 530
1378 2843 1421 2877 de
1442 2842 1657 2875 Borroniaeo
1677 2841 1781 2882 clani,
1810 2853 1854 2875 ne
1873 2853 1893 2875 a
1913 2840 1976 2875 Pio
1998 2840 2057 2875 lV.

269 2895 394 2940 stirpis
413 2897 668 2941 propagandae
695 2897 815 2939 gratia
835 2898 877 2931 ad
899 2897 1059 2931 ordinem
1088 2896 1376 2931 ecclesiasticum
1407 2895 1680 2939 relinquendum
1700 2898 1737 2929 et
1755 2906 1903 2929 uxorem
1928 2895 2058 2929 ducen-

271 2950 352 2983 dam
387 2952 597 2993 cogeretur,
634 2951 823 2984 sacerdote
851 2953 1074 2985 eonsecrato.
1128 2951 1165 2985 In
1196 2952 1404 2995 „Analectss
1430 2948 1709 2984 Bollamliam’s“
1738 2948 1821 2983 XIV
1849 2948 2060 2992 (Bruxelles

275 3003 380 3047 1895)
412 3004 480 3037 346
508 3004 642 3049 optime
670 3004 860 3049 probatum
880 3007 955 3039 est:
984 3005 1047 3038 Pio
1066 3005 1127 3039 lV.
1153 3004 1327 3039 eiusmodi
1356 3003 1506 3038 consilia
1533 3015 1602 3036 non
1630 3002 1762 3043 fuisse;
1791 3002 2059 3042 Borromaeum,

272 3069 352 3091 cuni
374 3057 478 3101 paulo
506 3059 587 3102 post
615 3057 712 3091 urbis
740 3069 908 3092 romanae
937 3059 1140 3101 ingressum
1159 3070 1179 3092 a
1200 3058 1263 3092 Pio
1284 3058 1343 3092 lV.
1363 3056 1607 3091 subdiaconus
1626 3059 1662 3091 et
1681 3056 1852 3090 diaconus
1870 3055 2059 3089 ordinatus

273 3112 380 3152 esset,
409 3111 532 3145 eodem
560 3112 746 3156 probante,
774 3112 882 3145 immo
910 3114 945 3146 et
972 3112 1118 3146 iubente
1149 3112 1201 3146 17.
1230 3111 1311 3145 Iulii
1342 3112 1431 3145 1563
1458 3110 1699 3145 sacerdotium
1728 3109 1942 3154 suscepisse.
